2651 3633
161 146 220 186 *14

96 268 142 304 et
185 265 403 315 insculpere
448 266 522 312 cfr,
571 278 665 317 quae
712 266 825 305 infra
872 267 1100 317 disputavi.
1163 228 1411 317 Praepositio
1458 267 1575 318 apud
1614 266 1847 314 Lucanum,
1879 267 1956 307 sed
1987 279 2074 308 non
2105 247 2223 319 apud
2252 266 2438 321 oquabs
2468 269 2617 330 egm’
2636 256 2651 269 ⁶

96 339 289 387 sequitur
320 339 502 377 verbum
533 350 735 388 opponere.
801 339 870 377 Ad
902 338 1098 388 exempla
1129 338 1424 377 enumeranda
1454 341 1647 378 transeo.
2603 387 2605 389 ¹

96 405 315 462 accipere
353 410 532 448 verbum
578 411 771 460 sequitur
802 407 842 462 a)
874 409 914 448 in
947 410 1207 460 praepositio:
1242 410 1355 449 VIII.
1390 411 1488 451 831.
1521 409 1563 449 in
1594 410 1739 460 templa
1769 409 1882 450 Isim.
1917 409 2019 451 Cod.
2051 411 2091 448 V
2122 410 2350 461 recepimus.
2382 405 2606 466 b)sb1's·‘'
2645 412 2651 419 ¹

156 481 292 520 tivus:
333 481 364 521 L
399 483 456 522 64
489 484 525 520 te
559 484 737 530 (numen)
767 484 933 532 pectore.
967 481 1038 521 IX.
1076 482 1159 522 117
1192 484 1320 521 ratem
1351 481 1476 523 undis.
1509 482 1581 523 IX.
1617 484 1702 523 756
1728 482 1877 532 fluctus
1906 494 1982 524 ore.
2045 482 2326 523 Acen-endum
2356 485 2463 562 puto
2492 479 2567 528 m.
2603 479 2606 482 ”
2639 521 2644 525 .

158 555 244 595 628
277 552 378 593 ictus
402 565 480 604 per
511 553 625 595 latus.

94 623 351 668 adducere.
386 627 435 666 V.
473 629 555 668 162
590 639 701 677 vir-90
732 627 904 666 adducta
925 627 1115 667 cavernis.
1169 628 1373 666 Nonnulli
1395 629 1519 668 codd.
1543 627 1724 673 abducta,
1749 640 1878 679 quam
1901 629 2155 679 scripturam
2177 604 2338 680 recepit
2357 627 2561 684 Haskins.

155 698 239 736 Sed
272 700 325 737 ad
361 711 424 748 ea,
456 711 550 749 quae
583 700 855 745 antecedunt,
889 700 1025 738 multo
1058 700 1211 738 melius
1244 701 1428 750 quadrat
1459 701 1533 739 illa
1564 701 1784 751 scriptura.
1816 702 1970 751 Agitur
2001 701 2118 740 enim
2149 701 2204 740 de
2233 700 2404 751 Pythia,
2434 708 2565 752 quam

154 774 386 821 paventem
418 772 539 821 adyti
571 772 789 822 penetrale
822 772 974 810 remoti
1005 771 1232 810 fatidicum
1264 773 1308 810 in
1340 773 1479 822 prima
1510 775 1631 823 parte
1662 772 1920 823 templorum
1957 773 2167 812 restitisse
2199 768 2284 826 (vv.
2321 772 2422 821 146,
2448 771 2563 824 14⁷),

154 846 250 882 tum
284 855 382 882 vero
415 844 526 893 Appi
558 844 686 881 minis
718 844 992 882 conterritam
1028 836 1175 882 ’antris
1208 845 1353 894 mergi’
1388 845 1442 883 ad
1476 845 1751 895 tripodasque
1782 844 2011 895 confugere
2040 847 2168 895 poeta
2198 847 2354 886 narrat.

94 911 275 956 addere
322 915 500 954 verbum
548 915 718 964 propria
761 915 1075 965 significatione
1121 917 1369 956 adhibetur:
1404 916 1452 956 V.
1488 918 1574 957 389
1598 917 1733 965 fasces
1764 915 1923 965 aquilis.
1959 916 2051 956 VII.
2087 916 2143 957 59
2175 915 2320 955 crimen
2350 915 2563 957 erroribus.

155 986 318 1025 Ceteris
366 988 468 1025 locis
500 988 709 1025 translate
741 988 914 1037 ponitur
946 989 1192 1038 significans
1225 988 1266 1040 a)
1298 989 1462 1037 afferre,
1496 989 1689 1040 injicere:
1723 989 1754 1026 I.
1788 990 1874 1028 263
1908 988 2028 1027 menti
2057 988 2248 1042 stimulos.
2281 988 2334 1027 II.
2369 990 2396 1028 5
2427 999 2565 1027 curam

153 1060 390 1097 mortalibus
419 1059 610 1097 sollicitis.
647 1059 737 1107 (Cir
768 1059 827 1099 St.
859 1060 990 1098 Theb.
1024 1061 1075 1099 ΙΙ.
1111 1060 1213 1110 320)
1244 1061 1317 1096 111.
1356 1062 1439 1099 762
1475 1060 1600 1098 decus·
1621 1061 1757 1099 armis.
1790 1060 1882 1099 VII.
1917 1062 1972 1100 67
2004 1059 2213 1108 facundia
2234 1060 2354 1099 robur
2372 1059 2566 1099 invalido:

153 1143 299 1169 causce.
348 1131 446 1169 VII.
499 1133 584 1171 559
632 1131 738 1181 ignes
784 1131 929 1170 animis
951 1131 1231 1181 flagrantibus.
1265 1133 1309 1181 b)
1341 1133 1502 1181 aliquid
1535 1133 1699 1182 augeri:
1733 1133 1753 1169 I
1803 1134 1890 1173 292
1922 1131 1995 1171 ΠΙ.
2029 1132 2118 1172 416
2152 1133 2306 1170 tantum
2336 1131 2563 1172 terroribus.

93 1200 259 1244 adesse
290 1205 470 1241 verbum
514 1203 555 1254 a)
595 1204 845 1253 plerumque
877 1205 992 1242 idem
1025 1204 1237 1253 significat
1269 1205 1382 1253 quod
1414 1205 1640 1255 adJ‘uvare:
1675 1205 1747 1244 IX.
1784 1206 1883 1245 911.
1909 1203 2081 1253 populis.
2115 1204 2168 1243 X.
2204 1205 2262 1245 90
2292 1203 2475 1253 aetatibus.
2509 1203 2562 1244 X.

156 1277 241 1315 105
288 1275 417 1313 vultus
457 1275 652 1323 precibus.
702 1276 751 1315 X.
796 1278 894 1315 232.
958 1275 1075 1314 Nilus
1108 1275 1259 1315 mundo.
1295 1276 1338 1325 b)
1369 1294 1429 1308 Ξ
1459 1288 1589 1326 prope
1621 1288 1734 1315 esse:
1767 1276 1840 1315 IX.
1872 1277 1961 1316 884
1991 1275 2165 1315 omnibus
2186 1274 2295 1324 salis
2325 1275 2364 1325 c)
2393 1288 2454 1308 z:
2485 1275 2565 1315 alei
2610 1291 2615 1295 ¹

152 1359 255 1386 esse:
290 1348 382 1385 VII.
418 1349 503 1387 343
529 1346 630 1394 finis
660 1347 839 1386 civilibus
870 1347 1006 1386 armis.

91 1416 301 1472 adfigere
348 1420 528 1458 verbum
576 1431 744 1469 semper
787 1420 954 1470 proprio
986 1431 1115 1458 sensu
1155 1420 1396 1459 adhibetur.
1431 1419 1644 1459 Occurrit:
1676 1420 1708 1459 Ι.
1741 1420 1830 1461 240
1855 1418 2065 1469 penatibus
2094 1430 2220 1461 arma.
2253 1418 2328 1457 111.
2362 1420 2448 1460 602
2480 1418 2565 1459 rati

152 1491 323 1541 adfixus.
373 1492 446 1530 III.
498 1493 582 1532 708
629 1503 702 1530 sua
741 1491 902 1530 vulnera
939 1490 979 1542 (i.
1019 1504 1054 1530 e.
1090 1504 1242 1542 corpus
1276 1491 1417 1544 suum)
1444 1492 1586 1542 puppi.
1620 1493 1694 1532 ΙΙΙ.
1731 1494 1815 1533 682
1848 1491 1950 1543 tynis
1980 1490 2141 1541 adfixus
2171 1490 2301 1532 toedis.
2335 1491 2428 1530 VII.
2461 1492 2562 1533 624.

153 1576 245 1613 quos
291 1564 407 1602 hosta
454 1576 613 1612 compos.
663 1564 733 1603 IX.
778 1566 862 1604 765
903 1576 1029 1613 sepem
1061 1564 1231 1604 harenis.
1266 1565 1320 1604 11.
1357 1567 1414 1605 30
1439 1568 1602 1614 pectora
1633 1565 1713 1603 solo
1743 1564 1925 1613 affixere.
1990 1564 2179 1603 Haskins
2211 1564 2394 1614 scripsit.
2457 1564 2563 1602 Mihi
2596 1560 2600 1563 ’

154 1637 303 1675 melior
344 1637 515 1675 videtur
556 1637 766 1686 scriptura
797 1637 918 1676 codd.
953 1637 989 1675 U
1023 1639 1066 1675 et
1098 1637 1148 1683 K,
1181 1649 1311 1686 quam
1344 1638 1511 1687 recepit.
1546 1637 1723 1686 Hosius;
1756 1635 1945 1686 afflixere
1977 1636 2145 1677 habent.
2208 1636 2452 1676 Poeta'hoc
2472 1635 2564 1676 loco

153 1709 207 1746 de
252 1710 435 1746 catervis
483 1711 774 1746 matronarum
822 1710 924 1758 agit,
974 1721 1068 1758 quae
1101 1709 1313 1758 supplices
1346 1710 1390 1747 in
1424 1709 1594 1758 templis
1626 1710 1923 1758 procumbunt.
1987 1708 2051 1747 De
2082 1709 2212 1748 verbo
2235 1707 2433 1758 'adfliqere
2463 1720 2562 1747 cum

152 1781 298 1819 dativo
330 1783 562 1831 conJ'uncto
594 1780 658 1819 cfr
690 1780 784 1820 Lex.
819 1779 936 1826 Caw,
971 1780 1162 1819 aliorum.
2048 1788 2052 1792 ·

91 1849 268 1895 adfixit
301 1855 344 1891 et
376 1850 548 1901 adflixit
580 1849 638 1906 (cf
669 1852 802 1891 Codd.
835 1852 982 1892 Horat.
1015 1852 1103 1891 Sat.
1142 1854 1179 1893 1.
1218 1854 1256 1892 1.
1296 1855 1366 1893 81.

91 1922 342 1967 adhaerere
374 1925 506 1963 semel
539 1926 720 1963 occurrit
751 1925 824 1964 IV.
860 1926 947 1964 248
979 1924 1136 1974 qladius
1168 1924 1333 1964 dextroe.

90 1993 308 2051 adjacere
341 1997 432 2035 VII.
470 1998 566 2037 188.
603 1995 737 2045 Tyriis
768 1995 835 2045 qui
868 1995 1047 2034 Gadibus
1078 1996 1227 2045 hospes.

92 2065 310 2122 adligare
341 2069 391 2109 X.
421 2071 507 2109 226
531 2066 778 2108 Nilus—nec
797 2067 901 2117 ripis
922 2067 1075 2118 adliqat
1096 2080 1259 2108 onmem.
1309 2068 1467 2107 Utrum
1501 2068 1673 2107 dativus
1701 2079 1756 2106 an
1786 2067 2000 2107 ablativus
2023 2067 2305 2106 instrumentiv
2321 2067 2389 2114 sit,
2412 2078 2566 2117 parum

151 2141 302 2181 elucet.
365 2141 472 2179 Mihi
520 2143 665 2179 tamen
715 2140 987 2179 verisimilius
1026 2140 1197 2179 videtur
1238 2141 1348 2179 hanc
1394 2140 1577 2179 formam
1609 2140 1846 2179 ablativum
1879 2151 1986 2180 esse.
2021 2139 2114 2179 Hoc
2145 2139 2234 2178 fere
2267 2139 2394 2178 modo
2424 2138 2566 2178 locum

149 2216 347 2253 nostrum
388 2213 601 2263 intelligo:
664 2213 787 2251 Nilus
831 2213 934 2263 ripis
975 2213 1168 2262 impedit,
1213 2224 1267 2251 ne
1308 2213 1436 2251 undae
1484 2212 1773 2252 effundantur.
1815 2209 2006 2263 Adliyare
2045 2223 2142 2251 cum
2176 2211 2323 2250 dativo
2354 2213 2567 2250 structum

152 2287 271 2326 nullo
303 2287 395 2326 loco
428 2286 585 2325 inveni.
651 2285 735 2324 Sed
769 2287 817 2324 ut
849 2297 872 2323 e
900 2285 1048 2327 lexicis
1081 2288 1268 2335 apparet,
1301 2297 1485 2331 coe-rcere,
1519 2284 1688 2325 detinere
1719 2297 1830 2336 saepe
1862 2285 2085 2336 significat.

70 2355 355 2413 'adjungere
387 2358 460 2397 VI.
496 2359 552 2399 55
588 2357 722 2397 Seston
756 2356 901 2407 Abydo.

87 2427 354 2473 admiscere
388 2430 462 2470 111.
498 2431 553 2470 95
587 2429 715 2469 Dacis
749 2429 864 2468 Getes
896 2428 1101 2468 admixtus
1133 2426 1228 2482 (Btl.
1262 2430 1446 2480 conjecit
1478 2428 1661 2481 adjutus).

87 2499 346 2544 admittere
377 2502 418 2539 11
467 2503 552 2541 353
585 2501 713 2539 sacris
744 2500 832 2539 deos
864 2503 985 2539 testes.
1019 2501 1070 2538 X.
1109 2503 1162 2540 75
1204 2500 1383 2539 Venerem
1414 2500 1531 2539 curis.

87 2571 344 2616 admovere
391 2574 569 2612 verbum
617 2573 658 2625 a)
705 2574 871 2623 proprio
913 2584 1044 2611 sensu
1090 2573 1143 2610 de
1188 2573 1308 2610 locali
1350 2575 1471 2611 motu
1508 2575 1757 2623 usurpatur:
1796 2573 1829 2612 I.
1864 2573 1954 2613 608
1986 2571 2073 2611 aris
2102 2572 2264 2611 marem.
2296 2569 2348 2621 (B
2379 2570 2555 2623 amovet).

153 2647 241 2686 VII.
294 2648 378 2687 165
427 2648 567 2684 taurus
613 2645 791 2684 admotus
836 2644 990 2694 superis
1020 2645 1045 2688 i,
1089 2657 1123 2684 e.
1158 2646 1255 2683 aris.
1310 2645 1349 2696 b)
1395 2645 1604 2683 translate
1650 2645 1841 2696 ponitur:
1881 2644 1973 2682 VII.
2008 2645 2107 2685 591.
2139 2643 2220 2682 Nec
2250 2642 2323 2682 tibi
2352 2642 2561 2693 Philippos

148 2718 371 2758 admoveris
402 2719 429 2756 i.
464 2730 497 2758 e.
533 2730 586 2756 ne
634 2718 687 2756 ad
737 2717 814 2755 Ph.
863 2718 1146 2757 contenderis.
1180 2717 1251 2756 VI.
1293 2718 1371 2757 181
1409 2717 1558 2756 cumulo
1589 2719 1778 2756 crescente
1807 2715 2005 2756 cadavera
2034 2727 2191 2756 murum
2222 2714 2440 2755 Admovere
2469 2714 2560 2762 solo,

145 2792 189 2829 in
232 2790 365 2829 Codd.
411 2803 512 2828 mss.
557 2790 725 2839 legitur.
776 2789 980 2838 Haskins,
1022 2792 1277 2828 correctores
1310 2789 1431 2830 codd.
1466 2789 1580 2828 VUB
1613 2791 1799 2836 secutus,
1834 2800 2040 2839 oequavere
2070 2789 2251 2839 scripsit.
2289 2788 2353 2827 Ac
2385 2799 2431 2827 re
2461 2774 2563 2827 vera

147 2863 354 2902 audacius
403 2863 565 2901 dictum
612 2861 783 2900 videtur
822 2861 940 2908 illud,
975 2860 1179 2900 admovere
1211 2872 1365 2900 vaurum
1396 2860 1490 2901 solo.
1552 2861 1716 2900 Tamen
1749 2873 1775 2900 a
1805 2861 2001 2900 codicum
2033 2861 2242 2912 scriptura
2273 2859 2561 2900 recedendum

146 2946 233 2974 non
281 2937 396 2986 puto.
460 2935 609 2974 Dicere
658 2934 829 2973 videtur
875 2936 1015 2984 poeta,
1065 2934 1174 2972 muri
1223 2934 1377 2984 pinnas
1425 2934 1705 2975 cadaveribus
1753 2934 1983 2973 cumulatis
2030 2933 2121 2974 solo
2152 2933 2325 2985 propius
2358 2932 2559 2984 quodam-

144 3008 272 3046 modo
304 3008 460 3046 venire.
2258 3047 2262 3051 .

85 3076 368 3121 adsuescere
418 3080 594 3118 verbum
643 3090 811 3129 semper
857 3078 1129 3117 transitivam
1179 3078 1266 3116 vim
1314 3078 1456 3118 habet.
1504 3078 1554 3117 V.
1602 3079 1702 3118 371.
1748 3076 1930 3118 adsuetas
1960 3077 2106 3118 sceleri.
2139 3078 2188 3118 V.
2224 3078 2308 3119 776
2332 3075 2452 3126 salis.
2487 3075 2559 3113 VI.

148 3152 247 3192 713.
299 3150 502 3191 adsuetam
534 3150 708 3191 tenebris.
745 3150 859 3189 VIII.
893 3151 979 3191 452
1013 3149 1189 3200 sceptris.

83 3220 360 3266 adscribere
400 3223 459 3261 VI
516 3224 572 3263 49
613 3222 758 3262 Iliacos
778 3234 912 3262 neuros
933 3222 1024 3262 deis.
1051 3222 1124 3263 IX.
1150 3224 1235 3263 853
1259 3222 1430 3262 ‹etheriis
1451 3223 1591 3270 causis,
1616 3222 1716 3273 quod
1730 3234 1904 3273 peream.
1924 3223 1975 3261 X.
2002 3224 2102 3264 240.
2125 3222 2326 3273 Zephyros
2345 3221 2409 3267 his
2429 3220 2554 3272 aquis.

83 3292 338 3337 advertere
371 3295 485 3335 VIII.
521 3296 607 3334 567
640 3297 824 3333 eaeternas
854 3294 997 3333 classes
1029 3295 1156 3333 terris
1187 3296 1391 3333 Nonnulli
1424 3296 1547 3334 codd.
1582 3295 1788 3344 adpellere.

89 3376 388 3420 concurrere,
423 3367 443 3404 I
494 3369 548 3406 75
581 3366 715 3405 sidera
745 3366 950 3406 sideribus.
987 3367 1079 3407 VII.
1118 3369 1201 3407 173
1235 3366 1388 3406 Pindus
1422 3366 1594 3416 Olympo.
1628 3367 1730 3405 VIII
1775 3368 1861 3407 326
1897 3365 2066 3406 Caesaris
2097 3379 2212 3407 arma
2234 3366 2377 3422 Media.
2427 3364 2555 3404 Ober-

145 3439 277 3478 meier
323 3450 454 3489 prave
501 3439 586 3477 huc
633 3439 811 3487 rettulit,
852 3450 946 3488 quae
978 3441 1152 3478 exstant
1183 3439 1231 3477 V.
1266 3440 1367 3480 607.
1403 3450 1565 3489 oequora
1594 3438 1793 3479 subductis
1822 3438 1940 3478 etiam
1971 3449 2199 3479 concurrere
2228 3437 2353 3479 ventis
2380 3437 2551 3488 possunt.

142 3510 253 3548 Nam
285 3509 484 3548 subductis
517 3509 640 3547 ventis
671 3510 907 3548 ablativum
940 3511 1186 3548 absolutum
1219 3522 1327 3557 esse,
1362 3513 1557 3559 apertum
1581 3513 1670 3550 est.
1704 3510 1790 3548 Otr.
1824 3523 1863 3549 v.
1901 3511 2000 3550 605.
