2651 3633
2238 9 2261 28 η’
2278 0 2309 24 ¹5³,
2328 0 2388 33 .‹'3'
2403 14 2408 19 .
2420 0 2645 39 ’Ἲῇἵξςὲᾞ.

2327 32 2332 39 t
2373 34 2382 39 ''
2392 40 2395 43 ·
2417 43 2420 46 ,
2466 31 2483 44 ’Β
2540 39 2550 44 ⁴
2562 41 2565 43 -
2574 37 2578 41 ¹

2095 13 2131 30 ,μὴ
2165 13 2167 15 .
2272 23 2276 26 ⁴
2333 32 2338 37 ι

1869 52 1873 55 ⁴
2028 42 2031 43 ν
2128 34 2132 38 ”
2248 35 2277 46 ’ν
2315 35 2375 51 :.·.
2410 51 2419 56 ,
2452 39 2461 52 5
2533 47 2588 57 p-..

1957 61 1960 63 ’
2311 55 2319 65 ¹
2364 59 2374 73 .⁴
2408 60 2426 75 s
2453 58 2597 76 v.-..··.1›

2383 106 2431 122 §.nv
2492 108 2547 121 ''>''.

2415 131 2417 133 .
2453 127 2456 136 ,
2552 123 2554 125 >

66 183 310 240 depellere
357 187 534 225 verbum
578 186 771 236 sequitur
815 184 864 224 ab
895 184 947 224 X
984 185 1068 225 242
1115 182 1250 223 nubila
1281 183 1330 223 ab
1362 183 1473 225 coelo.
1536 184 1788 224 Ablativum
1831 184 1913 225 sibi
1958 184 2215 236 assumpsit
2223 183 2281 225 11.
2312 183 2408 232 488
2422 188 2546 246 W

126 257 318 297 Lentulus
364 255 633 310 (depellitur).
666 257 698 296 I.
735 258 821 297 289
868 267 1041 295 socerum
1072 268 1199 304 reyno.
1244 256 1317 294 IV.
1366 257 1453 296 690
1483 255 1591 295 solio.
1625 256 1698 296 IX.
1745 257 1834 297 368
1873 255 2038 306 depulsa
2075 255 2169 329 locis
2198 255 2351 298 dam.
2382 245 2460 315 xz}
2463 259 2542 315 87

127 328 306 378 sceptris,
340 330 412 368 ubi
445 329 536 368 cod.
571 329 618 368 Β.
653 328 816 378 praebet
845 326 1026 377 expulsa

68 399 289 455 deripere
321 402 450 439 verbo
483 401 655 439 dativus
688 400 892 450 subjungi
926 400 1095 438 videtur
1126 400 1273 441 1240
1295 397 1435 448 adfixa
1453 399 1662 478 penatibus
1682 411 1809 446 arma,
1832 400 1906 471 ubi
1926 399 1983 439 ad
2004 400 2185 440 verbum
2203 398 2345 450 adli-'ca
2364 400 2536 453 quoque
2583 381 2587 386 ’

139 474 312 512 dativus
345 473 595 511 referendus
628 475 705 510 est.
2519 492 2522 495 -

68 543 301 600 derogare
333 546 406 584 IX.
443 547 529 585 359
562 544 733 594 invidus,
767 543 834 593 qui
858 543 1019 592 famam
1051 556 1193 583 annoso
1226 543 1386 593 deroyat
1417 557 1510 585 aevo.
1575 545 1719 583 Minus
1741 547 1854 584 recte
1879 545 2008 584 vertit
2028 545 2238 586 Haskins:
2259 544 2344 585 who
2363 543 2535 600 impat‘rs

130 619 193 657 the
233 619 357 657 credit
389 618 438 666 os
462 622 557 666 past
597 630 678 667 oye.
743 618 891 654 Potius
931 618 1007 654 ita:
1045 618 1142 666 »qui
1175 620 1294 655 vetat
1325 621 1509 666 poetam,
1543 630 1640 667 quoe
1672 617 1797 656 finxit
1827 617 1945 657 fama
1976 618 2030 658 de
2060 618 2301 669 praeteritis,
2332 615 2530 659 referre».

70 688 362 731 descendere
395 690 435 740 a)
467 692 520 727 ab
553 690 817 738 praepositio:
854 689 911 726 VI
960 691 1042 728 611
1080 702 1104 727 α
1130 688 1268 738 prima
1299 689 1447 739 origine
1478 688 1626 728 mundi.
1675 689 1791 728 VIII.
1828 691 1914 731 179
1945 689 1995 730 ab
2027 689 2180 730 arbore.
2214 689 2259 743 b)
2289 702 2342 730 ex
2371 701 2531 742 praepo-

129 765 211 801 sito
243 764 275 801 Ι.
306 764 391 802 335
414 774 464 800 ex
484 762 552 800 hoc
572 774 698 810 reyno.
723 761 912 799 Haskins
937 762 1153 799 discedere
1180 774 1222 799 m
1246 764 1429 801 secutus.
1448 762 1492 799 M
1510 762 1769 800 discendere.
1793 761 1863 800 VI.
1891 762 1977 802 808
1998 773 2020 801 e
2040 761 2173 802 bustis.
2207 761 2446 803 Discendere
2471 761 2529 804 B.

70 832 268 876 desilire
300 836 478 872 verbum
511 833 726 871 ablativus
761 834 954 882 sequitur
985 833 1018 872 1.
1056 834 1136 873 501
1176 832 1329 872 deserta
1356 845 1503 883 puppe.

70 903 302 947 desistere
334 905 409 943 III.
447 906 532 944 144
571 907 712 953 coepto.

73 975 320 1031 despicere
353 973 392 1030 a)
425 977 497 1016 de:
533 977 582 1016 V.
618 978 704 1017 639
739 975 785 1015 de
816 975 970 1016 vertice.
1006 977 1048 1028 b)
1080 988 1150 1015 ex:
1186 977 1235 1017 V.
1273 978 1355 1018 251
1392 989 1411 1016 e
1441 976 1617 1017 culmine.

72 1048 319 1093 deterrere
352 1051 403 1087 X.
438 1051 523 1090 375
559 1048 679 1087 ausis.

78 1120 334 1164 detrahere
367 1125 415 1159 ut
448 1132 615 1170 semper
647 1121 752 1158 alias
786 1121 981 1158 dativum
1015 1121 1093 1158 sibi
1127 1122 1310 1158 assumit
1344 1121 1456 1159 VIII.
1494 1123 1576 1160 125
1609 1122 1755 1159 crimen
1786 1123 1916 1159 terrae.
1950 1122 1982 1159 Ι,
2019 1123 2102 1161 351
2138 1121 2311 1160 dominos
2343 1122 2446 1161 urbi„

73 1191 333 1236 detrudere
366 1194 437 1232 VI.
477 1195 559 1233 175
588 1195 752 1242 pectora
784 1192 922 1232 muris.

70 1264 322 1307 devertere
369 1278 466 1304 cum
515 1266 703 1304 ablativo
751 1266 931 1303 struitur
971 1265 1040 1303 VI.
1084 1266 1165 1305 591
1210 1267 1362 1303 ventum
1399 1276 1467 1303 suo
1498 1276 1628 1304 cursu.
1665 1278 1691 1303 v
1723 1266 1891 1315 scripsit
1922 1265 2086 1316 diverto,
2119 1277 2248 1316 quam
2281 1267 2534 1317 scripturam

134 1340 293 1387 recepit
325 1338 527 1376 Haskins.
1815 1321 1833 1335 δ

75 1408 332 1452 devolvere
366 1410 542 1448 verbum
577 1421 674 1447 cum
708 1409 895 1447 ablativo
930 1408 1205 1459 conjungitur
1238 1408 1291 1446 II.
1326 1409 1409 1448 491
1448 1407 1643 1448 moenibus
1674 1420 1820 1459 agmen.

72 1480 309 1524 excedere
343 1482 383 1531 a)
423 1482 712 1520 accusativus:
752 1482 783 1520 I.
819 1483 904 1521 497
946 1492 1087 1520 muros.
1124 1481 1175 1519 II.
1211 1482 1291 1520 271
1329 1480 1445 1519 nubes
1479 1480 1679 1532 Olympus:
1713 1481 1765 1519 Π.
1802 1482 1884 1521 142
1917 1480 2085 1521 modum.
2120 1482 2234 1521 VIII.
2269 1482 2355 1523 236
2388 1481 2532 1533 ripam.

131 1551 170 1604 b)
204 1554 417 1592 ablativus
452 1553 522 1592 IV.
563 1555 646 1592 735
681 1552 836 1591 castris.
2216 1536 2219 1538 ς

69 1634 333 1678 excerpere
378 1637 476 1662 cum
517 1636 567 1662 ex
602 1625 898 1673 praepositione
932 1625 1212 1673 conjunctum
1245 1627 1386 1661 exstat
1418 1625 1467 1662 V.
1503 1626 1590 1664 186
1623 1636 1643 1662 e
1673 1627 1803 1673 sto-aye
1825 1624 2020 1672 satorum.
2055 1621 2133 1677 (De
2164 1626 2282 1664 libris
2313 1625 2525 1675 sibyllinis

129 1695 300 1747 agitur).

67 1767 232 1810 excire
265 1769 294 1808 I.
331 1769 416 1807 239
448 1767 588 1805 stratis
620 1767 746 1805 excita
771 1767 966 1815 juventus.
1005 1767 1096 1804 VII.
1133 1768 1219 1805 362
1249 1766 1380 1815 primo
1411 1766 1556 1805 oriente
1587 1777 1735 1805 manus.
1800 1768 1913 1806 VIII.
1951 1769 2037 1808 310
2068 1768 2234 1807 sedibus.

68 1838 294 1893 excipere
321 1840 396 1877 III.
433 1841 517 1878 333
552 1839 656 1875 Iocus
687 1831 868 1886 exceptus
899 1838 1045 1883 sceleri,
1082 1840 1104 1876 i.
1140 1850 1174 1876 e.
1210 1839 1339 1883 locus,
1374 1839 1446 1875 ubi
1479 1839 1638 1876 scelera
1669 1850 1755 1876 non
1787 1840 2089 1878 admittantur.

68 1909 347 1953 excludere.
381 1912 606 1948 Ablativus
639 1914 780 1948 exstat
812 1911 905 1948 VII.
942 1912 996 1949 97
1031 1922 1183 1958 oequore
1215 1913 1304 1949 toto.

71 1992 335 2025 excurrere
369 1983 545 2021 verbum
582 1982 873 2020 accusativum
908 1981 1017 2031 regit
1050 1981 1121 2021 VI.
1158 1983 1243 2022 273
1278 1981 1404 2031 ripas.

67 2054 298 2098 excutere
342 2055 520 2093 verbum
567 2054 738 2092 dativus
784 2054 975 2104 sequitur
1008 2053 1038 2091 I.
1075 2055 1130 2094 69
1170 2065 1307 2103 pacem
1351 2053 1448 2093 orbi.
1484 2053 1536 2092 II.
1570 2054 1658 2094 244
1681 2052 1806 2103 fidem
1837 2053 1921 2095 tibi.
1986 2055 2148 2106 Aperta
2180 2054 2358 2094 ablativi
2390 2054 2532 2101 forma>

127 2129 344 2167 invenitur
378 2128 426 2166 V.
465 2128 551 2167 710
595 2112 731 2166 ordine
768 2138 932 2177 puppes.
995 2126 1149 2164 Incerti
1196 2138 1321 2164 casus
1366 2127 1504 2165 forma
1547 2127 1614 2164 his
1655 2127 1775 2166 locis:
1826 2127 1901 2166 111.
1934 2128 2022 2168 409
2053 2127 2218 2167 nubibus
2239 2126 2423 2179 fulgura.
2456 2127 2529 2166 IV.

128 2203 213 2241 536
247 2200 348 2238 viris
379 2202 532 2238 mentes.
570 2199 640 2238 V1.
676 2200 763 2239 469
798 2199 944 2237 nimbos
975 2198 1104 2237 comis.
1142 2199 1233 2238 VII.
1273 2201 1354 2238 158
1388 2199 1531 2237 cristas
1561 2199 1694 2248 qaleis.

67 2271 211 2315 edere
243 2272 316 2310 IlIv
356 2274 440 2311 257
466 2271 657 2319 fontibus.
690 2270 762 2320 (sc.
796 2271 1043 2320 Euphraten
1076 2274 1119 2308 et
1151 2269 1325 2320 Tigrida
1357 2266 1534 2318 Persis).

67 2331 272 2376 educere
305 2331 436 2370 semel
469 2343 568 2369 cum
600 2343 651 2370 ea:
684 2331 976 2381 praepositione
1008 2332 1288 2381 conjunctum
1321 2334 1508 2381 apparet.
1543 2331 1618 2372 III.
1655 2332 1739 2373 105
1772 2344 1792 2371 e
1822 2331 1995 2371 latebris.

67 2402 264 2447 effluere
298 2404 400 2442 VIII
451 2405 538 2445 690
569 2403 709 2442 humor
741 2403 789 2442 ab
822 2403 913 2442 alto.

67 2473 279 2520 effodere
311 2476 362 2516 X.
402 2477 454 2516 19
488 2475 669 2525 effossum
702 2474 874 2516 tumulis.

67 2546 279 2602 effugere
311 2549 490 2587 verbum
523 2548 818 2586 accusativum
853 2548 961 2598 regit
992 2548 1046 2586 II.
1083 2550 1168 2588 525
1206 2546 1378 2587 Caesam‘s
1412 2560 1562 2588 munus.

67 2618 333 2665 effundere.
367 2620 407 2672 a)
440 2632 490 2661 eae
521 2620 782 2671 praepositio:
818 2620 889 2659 IX.
927 2621 1012 2661 565
1048 2631 1153 2660 voces
1183 2632 1203 2660 e
1232 2623 1392 2670 pectore.
1428 2621 1468 2672 b)
1500 2624 1647 2673 aperta
1666 2621 1855 2662 ‘ablativi
1887 2621 2044 2662 forma:
2077 2621 2109 2663 I.
2136 2622 2221 2663 188
2243 2620 2386 2662 vertice
2407 2620 2534 2661 crines

126 2695 353 2733 Ablativus
386 2694 452 2731 his
486 2704 652 2743 quoque
685 2693 787 2731 locis
820 2693 1092 2743 accipiendus
1126 2696 1209 2731 est:
1244 2693 1297 2732 II.
1336 2695 1420 2733 129
1448 2705 1622 2743 parvum
1652 2693 1855 2744 sanquinis
1877 2693 2029 2745 juqulo.
2062 2694 2135 2733 IX.
2171 2695 2257 2735 808
2288 2705 2330 2733 se
2351 2716 2406 2722 —
2427 2703 2531 2743 pres-

125 2779 223 2807 sura
255 2766 357 2806 croci
387 2766 498 2806 sinis.
534 2766 641 2804 Edd.
675 2766 837 2805 habent
867 2765 1002 2816 siquis,
1037 2777 1130 2816 quae
1163 2767 1372 2817 scriptura
1403 2767 1474 2805 vix
1505 2767 1731 2806 retinenda
1762 2767 1943 2807 videtur.
1997 2766 2186 2805 Haskins
2218 2766 2405 2818 quidem,
2438 2776 2533 2816 quae

127 2841 183 2878 ad
215 2841 330 2886 hunc
362 2840 502 2877 locum
537 2839 843 2877 declarandum
876 2840 1033 2884 attulit,
1068 2840 1136 2876 vix
1168 2839 1302 2876 firmis
1335 2840 1604 2877 documentis
1636 2841 1939 2890 comprobavit.
2006 2839 2233 2878 Gevartius
2266 2840 2377 2890 conj.
2417 2837 2534 2888 liquis

127 2914 152 2950 i.
188 2925 223 2952 e.
260 2913 445 2962 pulpetis
478 2912 649 2949 theatri.
693 2912 775 2949 Alii
804 2912 937 2949 aliter.
982 2912 1085 2948 Mihi
1119 2912 1304 2950 maxime
1336 2913 1476 2961 placet
1507 2914 1751 2962 conjectura
1784 2913 1963 2960 Heinsii,
1996 2913 2068 2962 qui
2100 2913 2269 2962 scripsit
2299 2911 2410 2951 sinis.
2443 2909 2534 2961 (cfr

127 2984 226 3024 CaV.
261 2984 355 3023 LeX.
391 2985 446 3022 vb
480 2981 630 3038 sinus.)
693 2984 840 3033 Neque
885 2982 1189 3033 Oudendorpio
1233 2984 1325 3021 haec
1357 2984 1568 3034 scriptura
1599 2984 1829 3034 displicuit.
1864 2984 1991 3022 Sinus
2022 2984 2091 3023 vel
2123 2985 2266 3022 sinum
2297 2995 2376 3022 vas
2407 2982 2532 3033 figni-

125 3057 238 3101 ficat,
271 3057 386 3093 unde
420 3057 696 3094 hauriebatur
727 3067 923 3093 croceum
946 3058 1230 3103 unguentum.
1873 3075 1875 3077 >
2424 3056 2427 3057 ⁷

65 3125 231 3179 egredi
263 3125 303 3180 a)
349 3128 583 3166 ablativus:
632 3127 703 3165 VI.
740 3128 828 3167 520
872 3126 988 3165 nudis
1031 3126 1165 3166 bustis.
1201 3126 1271 3166 IX.
1310 3128 1392 3167 173
1419 3139 1565 3176 puppe.
1609 3126 1652 3178 b)
1684 3128 1973 3167 accusativus:
2010 3128 2060 3169 V.
2096 3129 2184 3169 510
2224 3125 2404 3167 tentoria.
2437 3124 2530 3165 VII.

126 3200 214 3239 594
246 3198 459 3238 humanum
490 3198 672 3239 columen.
707 3198 780 3238 IX.
819 3198 905 3239 794
937 3197 1149 3237 humanum
1180 3197 1347 3238 modum.

65 3268 328 3313 exhaurire
361 3273 540 3311 verbum
572 3285 671 3310 cum
704 3271 892 3311 ablativo
925 3271 1091 3321 inopiae,
1127 3270 1197 3321 qui
1231 3271 1418 3318 vocatur,
1453 3271 1734 3322 conjunctum
1766 3273 1930 3312 exstats
1952 3270 2006 3312 11.
2032 3271 2121 3313 410
2144 3269 2382 3322 Hesperiam
2402 3266 2528 3320 aquis-

127 3343 175 3383 V.
211 3344 296 3384 333
330 3343 524 3383 exhausta
554 3342 752 3393 sanquine.
788 3342 903 3383 VIII.
940 3343 1025 3384 253
1061 3341 1263 3383 exhaustae
1294 3342 1430 3384 domus
1453 3342 1627 3394 populis.
1661 3343 1734 3384 IX.
1772 3344 1858 3385 170
1890 3342 2083 3384 exhausta
2114 3341 2304 3383 lacrimis.
