2651 3633
2426 54 2452 94 7

116 174 276 225 qim
288 169 513 239 appareat,
560 167 644 208 his
674 179 841 221 quoque
881 135 990 211 loeis
1021 169 1196 210 dativus
1227 171 1499 223 accipiendus
1531 173 1618 212 est.
1650 170 1724 210 III.
1759 171 1846 212 278
1877 138 2006 222 aleria
2037 170 2150 211 metis
2180 170 2399 213 Herculeis.
2432 172 2509 214 111

39 240 51 250 '⁷
124 243 217 286 708
255 224 404 283 rom-st.
443 239 556 282 ictus
602 239 691 282 IV.
710 242 795 284 691
829 240 1005 292 Libyam
1030 244 1226 293 tyranno.
1240 243 1312 284 IV.
1348 244 1436 285 664·
1465 255 1573 284 omen
1602 243 1774 283 collibus.
1810 243 1881 283 VI.
1915 244 2003 284 412
2036 242 2123 284 vias
2152 243 2359 284 sideribus.
2393 244 2508 284 vm.

123 314 211 358 207
242 312 390 369 Hagno
417 323 538 364 reyes.
570 312 643 354 lx.
676 313 764 355 365
795 313 1003 354 arboribus
1026 313 1216 379 pretium.
1248 315 1322 355 IX.
1356 316 1443 357 956
1474 327 1610 355 nomen
1633 315 1786 366 pelaqo.

16 376 277 442 ‘bigote
270 384 420 427 semel
448 386 610 433 exstst3
642 371 835 437 sequitur
863 386 1013 426 incerti
1044 398 1173 427 casus
1204 386 1341 428 forma
1372 387 1445 427 VI.
1482 389 1566 430 735
1598 399 1666 428 vos
1696 386 1820 428 urnis.

64 456 199 505 abire
227 457 304 498 111.
338 458 426 500 509
456 468 544 508 spes
573 456 701 499 victis.

56 527 254 577 amoliti>
281 517 381 586 cum
410 529 599 570 ablativo
628 528 825 582 jungitur
855 531 906 572 V.
942 532 1027 572 355
1059 531 1232 572 humeris
1261 544 1369 573 onus.

58 601 267 648 abluere·
286 603 464 657 verbum
496 603 688 653 sequitur
717 600 933 643 ablativus
964 604 1039 644 VI.
1073 606 1160 646 669
1192 605 1281 646 labo
1311 605 1513 645 medullas.

55 675 305 732 abnegire.
326 675 401 716 111.
434 677 520 716 263
553 675 667 715 tellus
696 687 772 716 non
802 676 967 727 abneqat
989 676 1139 725 flumen
1169 677 1286 717 undis
1315 679 1341 718 i.
1375 689 1409 718 e.
1442 679 1581 716 undas
1613 679 1743 716 fluere
1775 679 1888 718 sinit.

55 746 342 804 abrumpere
372 758 471 785 cum
502 748 648 786 dativo
678 748 746 799 vel
778 748 965 786 ablativo
996 750 1270 800 conjungitur
1300 750 1372 788 VI.
1408 753 1463 789 57
1497 750 1684 800 Ephyren
1713 751 1853 801 reqnis.
1887 751 1979 789 VII.
2016 752 2102 790 293
2136 751 2348 800 abruptum
2378 754 2509 790 nostro

32 836 37 840 ·
113 831 224 860 mare
253 819 327 858 IX.
365 805 456 860 306
484 820 655 870 abrupta
686 823 796 860 terra
818 820 1031 870 profundo.

54 887 299 934 abscidere
342 903 440 931 cum
483 892 670 932 ablativo
712 893 907 944 jungitur
949 893 1063 932 VIII.
1099 894 1186 934 674
1218 896 1358 933 trunco
1393 893 1529 934 cervix
1558 894 1722 934 abscisa.
1786 895 1922 934 Sensu
1955 895 2164 934 translato
2186 915 2247 931 z
2273 896 2508 942 detrahere,

111 963 302 1004 minuere
332 962 406 1004 IV.
440 964 525 1006 503
558 963 725 1004 abscidit
753 963 919 1005 multam
949 967 1097 1006 noslrae
1128 964 1250 1006 laudi
1284 964 1386 1007 Cod.
1421 965 1458 1005 U
1491 966 1621 1006 habet
1652 966 1854 1007 abscindit.
1903 967 2011 1007 Utra
2032 968 2243 1018 scriptura
2284 967 2510 1008 retinenda

114 1036 183 1086 sit,
216 1035 332 1075 haud
363 1035 489 1075 facile
520 1036 795 1088 dijudicatur,
827 1048 926 1076 cum
959 1037 1050 1077 haec
1081 1038 1211 1077 verba
1241 1038 1286 1076 in
1318 1038 1440 1078 codd
1476 1051 1577 1078 mss.
1612 1051 1724 1090 saepe
1751 1039 1861 1078 inter
1884 1051 1929 1078 se
1951 1042 2281 1116 commutentur.
2338 1040 2511 1091 Aliquot

116 1107 238 1148 codd.
271 1119 348 1159 pro
380 1109 509 1148 verbo
540 1107 653 1148 laudi
683 1109 875 1160 praebent
905 1109 1049 1149 laudis.

52 1176 294 1222 abstinere
334 1180 376 1229 1)
416 1180 657 1230 praepositio
695 1180 757 1228 ab,
793 1181 992 1220 reflexivo
1030 1193 1180 1220 sensu:
1213 1182 1285 1221 IV.
1322 1183 1406 1222 242
1440 1194 1466 1221 a
1496 1182 1697 1233 maqistro.
1749 1181 1789 1234 2)
1822 1184 2055 1222 ablativus:
2090 1184 2163 1223 IX.
2201 1184 2315 1225 1010
2347 1183 2509 1223 tellures

110 1253 227 1292 rates.

51 1321 322 1366 absterrere
353 1323 404 1364 V.
444 1325 529 1366 129
562 1323 696 1365 ducem
730 1324 885 1365 ardore.

51 1391 329 1436 abstrahere
362 1396 433 1434 VI.
468 1398 526 1437 80
557 1397 671 1435 duces
701 1396 837 1435 armis.

50 1463 258 1509 avellere
294 1479 392 1507 eum
436 1469 623 1508 ablativo
666 1457 942 1520 conjungitur
974 1469 1023 1509 V.
1058 1470 1145 1510 594
1188 1469 1368 1510 rudentes
1403 1483 1549 1521 puppe.
1614 1472 1838 1511 Ablativus
1871 1472 1937 1509 his
1970 1483 2136 1522 quoque
2168 1473 2270 1510 locis
2303 1473 2505 1522 accipien-

110 1540 191 1578 dus
222 1540 408 1580 videtur:
439 1540 494 1580 H.
529 1542 616 1582 694
646 1553 767 1581 uncus
795 1541 963 1582 harenis.
997 1543 1068 1581 VI.
1104 1543 1160 1582 34
1190 1554 1293 1582 saxa
1324 1543 1503 1582 metallis.

50 1609 284 1654 avertere.
316 1613 543 1651 Ablativus
574 1616 733 1652 exstat:
764 1614 797 1653 I.
832 1616 888 1654 65
921 1614 1122 1654 Bacchum
1152 1614 1264 1663 Nysa
1295 1615 1410 1653 VIII.
1447 1617 1531 1655 763
1563 1627 1696 1653 manes
1726 1615 1821 1653 meis
1853 1614 2009 1663 officiis.

51 1680 308 1728 decurrere
354 1681 394 1737 1)
438 1697 490 1723 ex
533 1686 774 1736 praepositio
818 1687 1009 1736 sequitur
1047 1687 1163 1726 VIII.
1209 1688 1293 1726 715
1338 1699 1358 1726 e
1388 1687 1561 1726 latebris.
1626 1686 1668 1735 2)
1711 1687 1943 1725 ablativus:
1983 1687 2015 1725 I.
2058 1689 2143 1727 675
2183 1687 2324 1726 vertice
2363 1686 2498 1727 Pindi.

23 1770 28 1775 ·
111 1755 361 1806 Ablativum
403 1757 564 1807 accipio
604 1758 734 1796 etiam
766 1757 819 1797 11.
856 1758 913 1798 49
946 1757 1213 1797 Achaemeniis
1247 1757 1372 1797 Susis.
1405 1758 1473 1809 (X.
1510 1759 1595 1799 502
1628 1758 1782 1807 lampas
1814 1757 1973 1797 aetherio
2002 1758 2107 1797 sulco
2140 1758 2257 1797 sulco
2289 1759 2503 1798 ablativus

114 1828 194 1866 viae
225 1824 319 1882 est.)

56 1895 292 1942 dedu'eere
337 1900 466 1940 verbo
514 1900 789 1952 subiungitur
824 1900 865 1954 1)
895 1899 945 1940 ab
988 1900 1247 1952 praepositio:
1294 1900 1364 1941 VI.
1414 1901 1468 1942 70
1512 1900 1669 1952 aymina
1700 1913 1726 1941 a
1758 1900 1892 1941 Petra.
1940 1901 1983 1954 2)
2026 1901 2258 1942 ablativus:
2293 1901 2368 1941 III.
2416 1903 2504 1943 284

114 1971 271 2022 aqmina
300 1971 431 2023 reynis
462 1972 534 2012 VI.
571 1973 659 2013 500
688 1971 823 2012 sidera
846 1973 951 2023 polo.
986 1973 1080 2012 VH.
1120 1973 1205 2013 222
1239 1972 1397 2023 aqmina
1428 1973 1559 2013 terris.

54 2040 216 2086 deesse
248 2045 426 2085 verbum
455 2047 506 2084 ut
536 2057 704 2096 semper
733 2046 839 2084 alias
871 2058 969 2084 cum
1001 2046 1147 2084 dativo
1177 2046 1465 2096 conjungitur.
1514 2045 1724 2096 a):non
1756 2058 1849 2085 esse
1882 2047 2006 2084 alicui
2039 2047 2071 2086 Ι.
2106 2048 2162 2087 23
2195 2046 2268 2086 tibi
2298 2047 2423 2086 hostes
2443 2067 2504 2083 Ξ

111 2117 185 2158 ΙΙΙ.
220 2119 317 2160 365.
350 2118 401 2159 V.
438 2120 522 2160 182
553 2130 736 2159 numerus
766 2118 923 2158 harenae
968 2118 1020 2158 V.
1055 2119 1142 2160 670
1172 2117 1271 2157 mihi
1291 2118 1414 2158 busta.
1453 2119 1658 2158 Heinsius
1680 2120 1849 2169 scripsit
1856 2120 1979 2168 justa⁴
2004 2120 2074 2158 VI.
2097 2121 2154 2160 43
2171 2119 2322 2169 pabula
2344 2119 2501 2169 Maqno.

113 2189 204 2230 Vss.
240 2192 327 2232 669
358 2190 480 2231 robur
509 2190 611 2231 duci.
644 2191 759 2231 VIII.
794 2192 877 2232 571
912 2202 984 2230 non
1015 2189 1090 2230 ulli
1118 2189 1331 2240 proesayia.
1365 2190 1483 2241 b):
1503 2191 1708 2238 deserere,
1741 2203 1827 2230 non
1860 2192 2029 2231 adesse:
2063 2191 2095 2230 I.
2131 2193 2187 2232 29
2220 2203 2361 2231 manas
2391 2191 2504 2231 arvis

113 2262 167 2302 II.
202 2263 257 2304 35
296 2263 383 2303 aris
415 2275 576 2314 parens.
609 2264 681 2304 IV.
714 2265 799 2304 345
836 2262 1024 2313 rapiendo
1060 2262 1223 2302 dextera
1254 2262 1338 2303 leto.
1372 2263 1424 2302 V.
1457 2264 1543 2303 499
1575 2275 1615 2302 se
1646 2263 1739 2302 deis.
1773 2264 1843 2303 VI.
1880 2264 1935 2304 10
1966 2262 2100 2302 Latiae
2131 2263 2271 2302 ruinae.
2306 2263 2379 2302 VI.
2417 2265 2499 2304 153

110 2335 261 2375 amulo
292 2334 482 2376 virorum.
525 2335 639 2376 VIIL
673 2337 760 2377 230
798 2335 1022 2386 triumphis.
1056 2334 1173 2375 VIII.
1208 2336 1294 2376 360
1326 2334 1541 2376 Emathioe.
1576 2335 1688 2374 VIII.
1725 2336 1811 2376 534
1843 2334 2033 2375 adversis.
2070 2335 2184 2375 VIII.
2220 2337 2307 2376 578
2339 2335 2498 2374 inan-ito.

110 2405 183 2445 IX.
221 2397 335 2448 1017
366 2407 569 2448 Emathiis
599 2407 737 2448 armis.
770 2407 886 2446 VHI.
923 2409 1007 2448 738
1039 2406 1176 2447 robosa
1210 2405 1360 2446 misero.
1393 2407 1466 2446 IX.
1501 2408 1588 2448 858
1621 2407 1789 2446 homines
1821 2407 1971 2446 venenis
1993 2408 2019 2447 i.
2044 2419 2081 2446 e.
2113 2407 2309 2446 homines
2331 2410 2503 2458 propter

111 2481 330 2530 serpentes
362 2491 528 2519 veneno
558 2481 747 2520 imbutos
778 2481 824 2518 in
854 2480 935 2518 hae
966 2482 1087 2530 parte
1119 2479 1273 2525 Africae
1304 2490 1389 2517 non
1422 2479 1630 2518 habitant.
1726 2478 1729 2479 ⁷

51 2545 310 2594 defendere
354 2563 452 2591 cum
491 2551 541 2592 ab
580 2551 877 2604 praepositione
914 2551 1192 2594 construitur.
1226 2551 1277 2590 V.
1313 2551 1398 2592 585
1436 2550 1605 2601 puppim
1636 2563 1661 2590 a
1684 2551 1824 2600 fluctu.
1858 2551 1931 2590 IX.
1967 2552 2048 2592 521
2086 2550 2270 2601 templum
2302 2550 2351 2590 ab
2384 2562 2495 2591 auro.

109 2622 182 2662 IX.
217 2625 304 2665 306
335 2635 377 2664 se
407 2623 580 2674 defendit
610 2625 661 2664 ab
692 2636 846 2675 (equore
875 2624 1000 2664 tellus.
2359 2632 2364 2636 ”

49 2691 251 2737 defieere
281 2697 399 2736 verbi
430 2697 646 2736 invenitur
675 2697 886 2747 participii
916 2696 1055 2735 forma
1086 2696 1137 2735 X.
1173 2697 1270 2737 281.
1303 2695 1472 2744 defectus
1502 2696 1636 2745 epulis.
1673 2696 1745 2734 ΙΙΙ.
1783 2698 1867 2736 625
1900 2695 2037 2734 robore
2066 2695 2208 2735 nervis.

53 2762 279 2810 defluere.
310 2756 371 2808 Ab
405 2769 644 2820 praepositio
676 2771 907 2820 usurpatur
937 2768 1030 2809 VII.
1064 2769 1150 2810 839
1184 2767 1291 2808 labes
1321 2767 1371 2808 ab
1402 2766 1551 2808 aelhere.
2199 2781 2203 2785 ’

52 2834 318 2882 defundere
348 2840 422 2880 IV.
456 2842 512 2882 82
546 2841 645 2881 coelo
675 2839 856 2890 defusum
886 2853 1029 2891 oeqaor.
1093 2840 1296 2890 Haskins,
1328 2840 1398 2879 alii
1431 2839 1632 2889 diffusum.
1668 2840 1724 2879 M.
1750 2839 1890 2888 susum
1922 2839 1969 2878 de
2000 2839 2111 2879 coelo.

47 2906 255 2966 dejleere
285 2924 385 2952 cum
414 2913 465 2954 ab
495 2914 792 2964 praepositione
822 2914 1098 2965 coniungitur
1128 2913 1177 2953 V.
1211 2914 1298 2953 674
1329 2912 1379 2951 ab
1410 2924 1557 2962 ayyere.
1621 2912 1819 2961 Sequitur
1849 2912 2063 2950 ablativus
2095 2912 2186 2951 VII.
2213 2913 2301 2953 810
2322 2911 2496 2951 ”sembra

104 2983 307 3035 anguibus.

47 3051 206 3098 delabi
237 3057 270 3097 Ι.
306 3059 392 3099 557
424 3058 589 3109 templis.

45 3118 258 3182 deligere
288 3129 383 3170 VII.
418 3132 506 3172 270
540 3129 666 3170 Grais
696 3129 843 3170 delecta
864 3131 1051 3180 juventas
1079 3129 1293 3180 yymnasiis
1335 3130 1418 3169 Btl.
1451 3129 1618 3168 collecta.

44 3194 299 3245 demittere
331 3192 509 3244 verbum
540 3203 732 3254 sequitur
762 3202 812 3243 ab
842 3203 1084 3255 praepositio
1115 3202 1189 3244 IX.
1223 3198 1303 3244 831
1342 3213 1458 3252 quam
1488 3202 1529 3253 (i.
1554 3213 1589 3241 e.
1618 3201 1812 3254 manum)
1844 3199 1921 3243 toto
1951 3202 2071 3243 simul
2102 3203 2269 3244 demittit
2301 3203 2350 3243 ab
2372 3216 2497 3244 arnw.

102 3269 174 3323 (se.
212 3273 343 3327 ense).
405 3275 596 3315 Verbum
641 3273 747 3314 illud
794 3277 871 3315 tolo
902 3275 1065 3314 nullam
1096 3275 1259 3325 praebet
1290 3274 1563 3314 sententiam.
1625 3273 1777 3312 Nonne
1809 3275 1966 3313 rectius
1999 3276 2154 3326 legitur
2185 3276 2332 3315 totam?
2394 3275 2498 3324 Quae

102 3345 311 3396 scriptura
337 3347 452 3386 'cum
492 3346 630 3386 verbo'
665 3346 783 3386 simul
828 3346 988 3397 optime
1025 3355 1254 3396 congruere
1291 3346 1472 3384 videtur.
1535 3346 1638 3384 Haec
1683 3347 1814 3396 igitur
1858 3349 2073 3385 sententia
2116 3348 2247 3398 hujus
2297 3348 2376 3393 loci
2408 3351 2494 3385 est:

100 3414 253 3455 Totam
285 3429 464 3457 manum
494 3430 581 3457 uno
612 3419 700 3458 ictu
735 3419 960 3458 abscindit.
1951 3408 1955 3412 ⁸
