<?xml version="1.0" encoding="UTF-8"?>
<!DOCTYPE html PUBLIC "-//W3C//DTD XHTML 1.0 Transitional//EN"
    "http://www.w3.org/TR/xhtml1/DTD/xhtml1-transitional.dtd">
<html xmlns="http://www.w3.org/1999/xhtml" xml:lang="en" lang="en">
 <head>
  <title>
</title>
<meta http-equiv="Content-Type" content="text/html;charset=utf-8" />
  <meta name='ocr-system' content='tesseract 3.04.00' />
  <meta name='ocr-capabilities' content='ocr_page ocr_carea ocr_par ocr_line ocrx_word'/>
</head>
<body>
  <div class='ocr_page' id='page_1' title='image "4766185_0019.png"; bbox 0 0 2651 3633; ppageno 0'>
   <div class='ocr_carea' id='block_1_1' title="bbox 2406 55 2463 94">
    <p class='ocr_par' dir='ltr' id='par_1_1' title="bbox 2406 55 2463 94">
     <span class='ocr_line' id='line_1_1' title="bbox 2406 55 2463 94; baseline 0.018 -1"><span class='ocrx_word' id='word_1_1' title='bbox 2406 55 2463 94; x_wconf 77' lang='lat'><strong>13</strong></span> 
     </span>
    </p>
   </div>
   <div class='ocr_carea' id='block_1_2' title="bbox 1046 400 1537 492">
    <p class='ocr_par' dir='ltr' id='par_1_2' title="bbox 1046 400 1537 492">
     <span class='ocr_line' id='line_1_2' title="bbox 1046 400 1537 492; baseline -0.004 -16"><span class='ocrx_word' id='word_1_2' title='bbox 1046 401 1357 492; x_wconf 82' lang='lat' dir='ltr'><strong>caput</strong></span> <span class='ocrx_word' id='word_1_3' title='bbox 1422 400 1537 475; x_wconf 83' lang='lat' dir='ltr'><strong>lv.</strong></span> 
     </span>
    </p>
   </div>
   <div class='ocr_carea' id='block_1_3' title="bbox 71 557 2539 3199">
    <p class='ocr_par' dir='ltr' id='par_1_3' title="bbox 71 557 2532 2559">
     <span class='ocr_line' id='line_1_3' title="bbox 283 557 2522 612; baseline 0 -14"><span class='ocrx_word' id='word_1_4' title='bbox 283 559 334 599; x_wconf 93' lang='lat' dir='ltr'><strong>ln</strong></span> <span class='ocrx_word' id='word_1_5' title='bbox 365 559 520 611; x_wconf 86' lang='lat' dir='ltr'><strong>verbis,</strong></span> <span class='ocrx_word' id='word_1_6' title='bbox 553 570 649 612; x_wconf 80' lang='lat' dir='ltr'><strong>quae</strong></span> <span class='ocrx_word' id='word_1_7' title='bbox 680 559 872 599; x_wconf 87' lang='lat' dir='ltr'><strong>dativum</strong></span> <span class='ocrx_word' id='word_1_8' title='bbox 905 561 1072 611; x_wconf 86' lang='lat' dir='ltr'><strong>regunt,</strong></span> <span class='ocrx_word' id='word_1_9' title='bbox 1105 559 1341 600; x_wconf 73' lang='lat' dir='ltr'><strong>tractandis</strong></span> <span class='ocrx_word' id='word_1_10' title='bbox 1376 557 1494 599; x_wconf 86' lang='lat' dir='ltr'><strong>nulla</strong></span> <span class='ocrx_word' id='word_1_11' title='bbox 1526 560 1656 599; x_wconf 86' lang='lat' dir='ltr'><strong>verba</strong></span> <span class='ocrx_word' id='word_1_12' title='bbox 1687 559 1769 598; x_wconf 90' lang='lat' dir='ltr'><strong>nisi</strong></span> <span class='ocrx_word' id='word_1_13' title='bbox 1803 570 1854 598; x_wconf 88' lang='lat' dir='ltr'><strong>ea</strong></span> <span class='ocrx_word' id='word_1_14' title='bbox 1886 558 2114 610; x_wconf 77' lang='lat' dir='ltr'><strong>proferam,</strong></span> <span class='ocrx_word' id='word_1_15' title='bbox 2147 570 2242 611; x_wconf 89' lang='lat' dir='ltr'><strong>quae</strong></span> <span class='ocrx_word' id='word_1_16' title='bbox 2275 559 2522 611; x_wconf 86' lang='lat' dir='ltr'><strong>significant</strong></span> 
     </span>
     <span class='ocr_line' id='line_1_4' title="bbox 71 631 2522 684; baseline -0.002 -10"><span class='ocrx_word' id='word_1_17' title='bbox 71 634 236 674; x_wconf 90' lang='lat' dir='ltr'><strong>motum</strong></span> <span class='ocrx_word' id='word_1_18' title='bbox 267 631 484 684; x_wconf 88' lang='lat' dir='ltr'><strong>quendam</strong></span> <span class='ocrx_word' id='word_1_19' title='bbox 515 634 592 672; x_wconf 84' lang='lat' dir='ltr'><strong>aut</strong></span> <span class='ocrx_word' id='word_1_20' title='bbox 622 635 798 680; x_wconf 88' lang='lat' dir='ltr'><strong>statum,</strong></span> <span class='ocrx_word' id='word_1_21' title='bbox 832 633 904 684; x_wconf 92' lang='lat' dir='ltr'><strong>qui</strong></span> <span class='ocrx_word' id='word_1_22' title='bbox 936 644 1012 684; x_wconf 89' lang='lat' dir='ltr'><strong>per</strong></span> <span class='ocrx_word' id='word_1_23' title='bbox 1043 635 1207 672; x_wconf 90' lang='lat' dir='ltr'><strong>motum</strong></span> <span class='ocrx_word' id='word_1_24' title='bbox 1239 633 1433 672; x_wconf 77' lang='lat' dir='ltr'><strong>efficitur.</strong></span> <span class='ocrx_word' id='word_1_25' title='bbox 1498 632 1593 670; x_wconf 89' lang='lat' dir='ltr'><strong>Alia</strong></span> <span class='ocrx_word' id='word_1_26' title='bbox 1625 633 1739 670; x_wconf 88' lang='lat' dir='ltr'><strong>enim</strong></span> <span class='ocrx_word' id='word_1_27' title='bbox 1774 633 1901 671; x_wconf 86' lang='lat' dir='ltr'><strong>verba</strong></span> <span class='ocrx_word' id='word_1_28' title='bbox 1934 634 2181 683; x_wconf 86' lang='lat' dir='ltr'><strong>composita,</strong></span> <span class='ocrx_word' id='word_1_29' title='bbox 2213 633 2367 683; x_wconf 90' lang='lat' dir='ltr'><strong>quibus</strong></span> <span class='ocrx_word' id='word_1_30' title='bbox 2391 634 2522 684; x_wconf 86' lang='lat' dir='ltr'><strong>subji-</strong></span> 
     </span>
     <span class='ocr_line' id='line_1_5' title="bbox 71 705 2526 756; baseline -0.001 -11"><span class='ocrx_word' id='word_1_31' title='bbox 71 705 181 745; x_wconf 78' lang='lat' dir='ltr'><strong>citur</strong></span> <span class='ocrx_word' id='word_1_32' title='bbox 212 705 397 754; x_wconf 78' lang='lat' dir='ltr'><strong>dativus,</strong></span> <span class='ocrx_word' id='word_1_33' title='bbox 430 705 484 745; x_wconf 90' lang='lat' dir='ltr'><strong>ob</strong></span> <span class='ocrx_word' id='word_1_34' title='bbox 515 716 611 744; x_wconf 86' lang='lat' dir='ltr'><strong>eam</strong></span> <span class='ocrx_word' id='word_1_35' title='bbox 642 716 733 744; x_wconf 87' lang='lat' dir='ltr'><strong>rem</strong></span> <span class='ocrx_word' id='word_1_36' title='bbox 765 705 848 743; x_wconf 86' lang='lat' dir='ltr'><strong>huc</strong></span> <span class='ocrx_word' id='word_1_37' title='bbox 880 716 967 744; x_wconf 90' lang='lat' dir='ltr'><strong>non</strong></span> <span class='ocrx_word' id='word_1_38' title='bbox 999 706 1228 756; x_wconf 73' lang='lat' dir='ltr'>pertinent,</span> <span class='ocrx_word' id='word_1_39' title='bbox 1262 705 1376 755; x_wconf 89' lang='lat' dir='ltr'><strong>quod</strong></span> <span class='ocrx_word' id='word_1_40' title='bbox 1407 706 1449 742; x_wconf 89' lang='lat' dir='ltr'><strong>in</strong></span> <span class='ocrx_word' id='word_1_41' title='bbox 1483 706 1807 743; x_wconf 88' lang='lat' dir='ltr'><strong>similitudinem</strong></span> <span class='ocrx_word' id='word_1_42' title='bbox 1841 706 2080 750; x_wconf 89' lang='lat' dir='ltr'><strong>verborum,</strong></span> <span class='ocrx_word' id='word_1_43' title='bbox 2104 706 2247 755; x_wconf 86' lang='lat' dir='ltr'><strong>qualia</strong></span> <span class='ocrx_word' id='word_1_44' title='bbox 2270 709 2372 743; x_wconf 86' lang='lat' dir='ltr'><strong>sunt</strong></span> <span class='ocrx_word' id='word_1_45' title='bbox 2393 718 2526 744; x_wconf 82' lang='lat' dir='ltr'><strong>nocere</strong></span> 
     </span>
     <span class='ocr_line' id='line_1_6' title="bbox 71 776 2524 829; baseline -0.001 -11"><span class='ocrx_word' id='word_1_46' title='bbox 71 777 162 827; x_wconf 75' lang='lat' dir='ltr'><strong>alei,</strong></span> <span class='ocrx_word' id='word_1_47' title='bbox 194 776 389 817; x_wconf 73' lang='lat' dir='ltr'><strong>auxilium</strong></span> <span class='ocrx_word' id='word_1_48' title='bbox 410 777 527 826; x_wconf 82' lang='lat' dir='ltr'><strong>serre</strong></span> <span class='ocrx_word' id='word_1_49' title='bbox 556 777 657 818; x_wconf 80' lang='lat' dir='ltr'><strong>balci-</strong></span> <span class='ocrx_word' id='word_1_50' title='bbox 687 780 764 817; x_wconf 86' lang='lat' dir='ltr'><strong>aut</strong></span> <span class='ocrx_word' id='word_1_51' title='bbox 793 788 873 817; x_wconf 76' lang='lat' dir='ltr'><strong>esse</strong></span> <span class='ocrx_word' id='word_1_52' title='bbox 903 776 980 817; x_wconf 71' lang='grc' dir='ltr'><strong>αἰεί</strong></span> <span class='ocrx_word' id='word_1_53' title='bbox 1011 782 1181 829; x_wconf 88' lang='lat' dir='ltr'><strong>prorsus</strong></span> <span class='ocrx_word' id='word_1_54' title='bbox 1213 778 1421 817; x_wconf 90' lang='lat' dir='ltr'><strong>abierunt.</strong></span> <span class='ocrx_word' id='word_1_55' title='bbox 1494 777 1573 815; x_wconf 89' lang='lat' dir='ltr'><strong>Hic</strong></span> <span class='ocrx_word' id='word_1_56' title='bbox 1606 778 1738 815; x_wconf 88' lang='lat' dir='ltr'><strong>dativi</strong></span> <span class='ocrx_word' id='word_1_57' title='bbox 1772 790 1875 816; x_wconf 88' lang='lat' dir='ltr'><strong>usus</strong></span> <span class='ocrx_word' id='word_1_58' title='bbox 1908 789 1931 816; x_wconf 91' lang='lat' dir='ltr'><strong>e</strong></span> <span class='ocrx_word' id='word_1_59' title='bbox 1953 778 2170 816; x_wconf 87' lang='lat' dir='ltr'><strong>communi</strong></span> <span class='ocrx_word' id='word_1_60' title='bbox 2201 778 2334 816; x_wconf 89' lang='lat' dir='ltr'><strong>dativi</strong></span> <span class='ocrx_word' id='word_1_61' title='bbox 2357 779 2397 816; x_wconf 87' lang='lat' dir='ltr'><strong>vi</strong></span> <span class='ocrx_word' id='word_1_62' title='bbox 2420 779 2524 816; x_wconf 86' lang='lat' dir='ltr'><strong>satis</strong></span> 
     </span>
     <span class='ocr_line' id='line_1_7' title="bbox 72 848 2522 901; baseline -0.001 -11"><span class='ocrx_word' id='word_1_63' title='bbox 72 849 317 900; x_wconf 77' lang='lat' dir='ltr'><strong>explicatur.</strong></span> <span class='ocrx_word' id='word_1_64' title='bbox 381 848 489 888; x_wconf 84' lang='lat' dir='ltr'><strong>Nam</strong></span> <span class='ocrx_word' id='word_1_65' title='bbox 537 861 669 900; x_wconf 89' lang='lat' dir='ltr'><strong>quum</strong></span> <span class='ocrx_word' id='word_1_66' title='bbox 716 850 863 888; x_wconf 87' lang='lat' dir='ltr'><strong>dativa</strong></span> <span class='ocrx_word' id='word_1_67' title='bbox 908 850 1125 901; x_wconf 86' lang='lat' dir='ltr'><strong>objectum</strong></span> <span class='ocrx_word' id='word_1_68' title='bbox 1171 850 1375 888; x_wconf 86' lang='lat' dir='ltr'><strong>remotius</strong></span> <span class='ocrx_word' id='word_1_69' title='bbox 1423 849 1490 887; x_wconf 87' lang='lat' dir='ltr'><strong>vel</strong></span> <span class='ocrx_word' id='word_1_70' title='bbox 1537 849 1679 895; x_wconf 88' lang='lat' dir='ltr'><strong>finem,</strong></span> <span class='ocrx_word' id='word_1_71' title='bbox 1714 850 1769 887; x_wconf 87' lang='lat' dir='ltr'><strong>ad</strong></span> <span class='ocrx_word' id='word_1_72' title='bbox 1801 861 1929 899; x_wconf 88' lang='lat' dir='ltr'><strong>quem</strong></span> <span class='ocrx_word' id='word_1_73' title='bbox 1962 850 2066 899; x_wconf 90' lang='lat' dir='ltr'><strong>quid</strong></span> <span class='ocrx_word' id='word_1_74' title='bbox 2097 850 2261 896; x_wconf 86' lang='lat' dir='ltr'><strong>tendat,</strong></span> <span class='ocrx_word' id='word_1_75' title='bbox 2295 850 2361 888; x_wconf 92' lang='lat' dir='ltr'><strong>vel</strong></span> <span class='ocrx_word' id='word_1_76' title='bbox 2394 862 2522 899; x_wconf 88' lang='lat' dir='ltr'><strong>quem</strong></span> 
     </span>
     <span class='ocr_line' id='line_1_8' title="bbox 72 922 2523 973; baseline -0 -12"><span class='ocrx_word' id='word_1_77' title='bbox 72 922 167 973; x_wconf 85' lang='lat' dir='ltr'><strong>quis</strong></span> <span class='ocrx_word' id='word_1_78' title='bbox 198 922 255 961; x_wconf 88' lang='lat' dir='ltr'><strong>sit</strong></span> <span class='ocrx_word' id='word_1_79' title='bbox 285 923 521 971; x_wconf 86' lang='lat' dir='ltr'><strong>assecutus,</strong></span> <span class='ocrx_word' id='word_1_80' title='bbox 554 922 827 973; x_wconf 81' lang='lat' dir='ltr'><strong>exprimatur,</strong></span> <span class='ocrx_word' id='word_1_81' title='bbox 857 922 982 961; x_wconf 85' lang='lat' dir='ltr'><strong>facile</strong></span> <span class='ocrx_word' id='word_1_82' title='bbox 1013 923 1278 972; x_wconf 85' lang='lat' dir='ltr'><strong>intelligitur,</strong></span> <span class='ocrx_word' id='word_1_83' title='bbox 1309 922 1521 973; x_wconf 91' lang='lat' dir='ltr'><strong>quomodo</strong></span> <span class='ocrx_word' id='word_1_84' title='bbox 1555 922 1726 960; x_wconf 83' lang='lat' dir='ltr'><strong>dativus</strong></span> <span class='ocrx_word' id='word_1_85' title='bbox 1758 922 1812 960; x_wconf 87' lang='lat' dir='ltr'><strong>ad</strong></span> <span class='ocrx_word' id='word_1_86' title='bbox 1837 922 2086 972; x_wconf 81' lang='lat' dir='ltr'><strong>th&#39;usmodi</strong></span> <span class='ocrx_word' id='word_1_87' title='bbox 2110 922 2240 960; x_wconf 90' lang='lat' dir='ltr'><strong>verba</strong></span> <span class='ocrx_word' id='word_1_88' title='bbox 2269 923 2431 972; x_wconf 88' lang='lat' dir='ltr'><strong>positus</strong></span> <span class='ocrx_word' id='word_1_89' title='bbox 2454 923 2523 960; x_wconf 90' lang='lat' dir='ltr'><strong>sit.</strong></span> 
     </span>
     <span class='ocr_line' id='line_1_9' title="bbox 72 993 2522 1045; baseline -0 -13"><span class='ocrx_word' id='word_1_90' title='bbox 72 995 215 1045; x_wconf 80' lang='lat' dir='ltr'><strong>HuJ’us</strong></span> <span class='ocrx_word' id='word_1_91' title='bbox 260 1005 360 1032; x_wconf 86' lang='lat' dir='ltr'><strong>vero</strong></span> <span class='ocrx_word' id='word_1_92' title='bbox 407 1005 532 1032; x_wconf 86' lang='lat' dir='ltr'><strong>casus</strong></span> <span class='ocrx_word' id='word_1_93' title='bbox 578 1006 705 1032; x_wconf 88' lang='lat' dir='ltr'><strong>usum</strong></span> <span class='ocrx_word' id='word_1_94' title='bbox 752 995 865 1045; x_wconf 90' lang='lat' dir='ltr'><strong>apud</strong></span> <span class='ocrx_word' id='word_1_95' title='bbox 913 997 1062 1044; x_wconf 83' lang='lat' dir='ltr'><strong>poetas</strong></span> <span class='ocrx_word' id='word_1_96' title='bbox 1094 997 1137 1033; x_wconf 88' lang='lat' dir='ltr'><strong>et</strong></span> <span class='ocrx_word' id='word_1_97' title='bbox 1168 997 1359 1044; x_wconf 84' lang='lat' dir='ltr'><strong>posteros</strong></span> <span class='ocrx_word' id='word_1_98' title='bbox 1392 997 1567 1032; x_wconf 85' lang='lat' dir='ltr'><strong>auctum</strong></span> <span class='ocrx_word' id='word_1_99' title='bbox 1599 1005 1693 1032; x_wconf 89' lang='lat' dir='ltr'><strong>esse</strong></span> <span class='ocrx_word' id='word_1_100' title='bbox 1725 994 1835 1032; x_wconf 91' lang='lat' dir='ltr'><strong>inter</strong></span> <span class='ocrx_word' id='word_1_101' title='bbox 1867 1006 2017 1032; x_wconf 85' lang='lat' dir='ltr'><strong>omnes</strong></span> <span class='ocrx_word' id='word_1_102' title='bbox 2049 996 2231 1033; x_wconf 90' lang='lat' dir='ltr'><strong>constat.</strong></span> <span class='ocrx_word' id='word_1_103' title='bbox 2295 993 2430 1045; x_wconf 82' lang='lat' dir='ltr'><strong>Cujus</strong></span> <span class='ocrx_word' id='word_1_104' title='bbox 2464 995 2522 1032; x_wconf 91' lang='lat' dir='ltr'><strong>rei</strong></span> 
     </span>
     <span class='ocr_line' id='line_1_10' title="bbox 72 1066 2526 1116; baseline 0 -13"><span class='ocrx_word' id='word_1_105' title='bbox 72 1066 264 1104; x_wconf 86' lang='lat' dir='ltr'><strong>nonnulli</strong></span> <span class='ocrx_word' id='word_1_106' title='bbox 312 1077 407 1104; x_wconf 82' lang='lat' dir='ltr'><strong>eam</strong></span> <span class='ocrx_word' id='word_1_107' title='bbox 454 1077 630 1104; x_wconf 87' lang='lat' dir='ltr'><strong>causam</strong></span> <span class='ocrx_word' id='word_1_108' title='bbox 676 1067 924 1112; x_wconf 86' lang='lat' dir='ltr'><strong>attulerunt,</strong></span> <span class='ocrx_word' id='word_1_109' title='bbox 957 1066 1070 1116; x_wconf 88' lang='lat' dir='ltr'><strong>quod</strong></span> <span class='ocrx_word' id='word_1_110' title='bbox 1109 1066 1281 1104; x_wconf 82' lang='lat' dir='ltr'><strong>dativus</strong></span> <span class='ocrx_word' id='word_1_111' title='bbox 1312 1067 1579 1116; x_wconf 85' lang='lat' dir='ltr'><strong>personalem</strong></span> <span class='ocrx_word' id='word_1_112' title='bbox 1612 1066 1825 1115; x_wconf 85' lang='lat' dir='ltr'><strong>quendam</strong></span> <span class='ocrx_word' id='word_1_113' title='bbox 1858 1067 2080 1111; x_wconf 82' lang='lat' dir='ltr'><strong>rationem,</strong></span> <span class='ocrx_word' id='word_1_114' title='bbox 2115 1077 2210 1115; x_wconf 84' lang='lat' dir='ltr'><strong>quae</strong></span> <span class='ocrx_word' id='word_1_115' title='bbox 2241 1066 2526 1104; x_wconf 85' lang='lat' dir='ltr'><strong>intercederet</strong></span> 
     </span>
     <span class='ocr_line' id='line_1_11' title="bbox 72 1137 2524 1189; baseline 0 -13"><span class='ocrx_word' id='word_1_116' title='bbox 72 1138 184 1176; x_wconf 89' lang='lat' dir='ltr'><strong>inter</strong></span> <span class='ocrx_word' id='word_1_117' title='bbox 229 1137 474 1189; x_wconf 82' lang='lat' dir='ltr'><strong>subjectum</strong></span> <span class='ocrx_word' id='word_1_118' title='bbox 504 1139 549 1176; x_wconf 91' lang='lat' dir='ltr'><strong>et</strong></span> <span class='ocrx_word' id='word_1_119' title='bbox 579 1138 807 1188; x_wconf 80' lang='lat' dir='ltr'><strong>obJ&#39;ectnm,</strong></span> <span class='ocrx_word' id='word_1_120' title='bbox 841 1137 1110 1188; x_wconf 83' lang='lat' dir='ltr'><strong>significaret.</strong></span> <span class='ocrx_word' id='word_1_121' title='bbox 1173 1138 1283 1176; x_wconf 84' lang='lat' dir='ltr'><strong>Nam</strong></span> <span class='ocrx_word' id='word_1_122' title='bbox 1316 1138 1461 1177; x_wconf 89' lang='lat' dir='ltr'><strong>dativo</strong></span> <span class='ocrx_word' id='word_1_123' title='bbox 1493 1137 1572 1176; x_wconf 88' lang='lat' dir='ltr'><strong>hoc</strong></span> <span class='ocrx_word' id='word_1_124' title='bbox 1604 1149 1697 1175; x_wconf 88' lang='lat' dir='ltr'><strong>esse</strong></span> <span class='ocrx_word' id='word_1_125' title='bbox 1728 1138 1944 1188; x_wconf 90' lang='lat' dir='ltr'><strong>proprium</strong></span> <span class='ocrx_word' id='word_1_126' title='bbox 1977 1137 2139 1185; x_wconf 84' lang='lat' dir='ltr'><strong>dicunt,</strong></span> <span class='ocrx_word' id='word_1_127' title='bbox 2174 1137 2288 1188; x_wconf 92' lang='lat' dir='ltr'><strong>quod</strong></span> <span class='ocrx_word' id='word_1_128' title='bbox 2320 1137 2391 1176; x_wconf 92' lang='lat' dir='ltr'><strong>illo</strong></span> <span class='ocrx_word' id='word_1_129' title='bbox 2422 1149 2524 1176; x_wconf 88' lang='lat' dir='ltr'><strong>casu</strong></span> 
     </span>
     <span class='ocr_line' id='line_1_12' title="bbox 73 1201 2527 1263; baseline 0 -16"><span class='ocrx_word' id='word_1_130' title='bbox 73 1210 303 1260; x_wconf 69' lang='lat' dir='ltr'><strong>obiectum,</strong></span> <span class='ocrx_word' id='word_1_131' title='bbox 352 1209 467 1259; x_wconf 89' lang='lat' dir='ltr'><strong>quod</strong></span> <span class='ocrx_word' id='word_1_132' title='bbox 512 1210 654 1259; x_wconf 89' lang='lat' dir='ltr'><strong>ipsum</strong></span> <span class='ocrx_word' id='word_1_133' title='bbox 700 1212 803 1259; x_wconf 85' lang='lat' dir='ltr'><strong>agat</strong></span> <span class='ocrx_word' id='word_1_134' title='bbox 846 1210 916 1248; x_wconf 82' lang='lat' dir='ltr'><strong>vel</strong></span> <span class='ocrx_word' id='word_1_135' title='bbox 965 1210 1144 1248; x_wconf 86' lang='lat' dir='ltr'><strong>actionis</strong></span> <span class='ocrx_word' id='word_1_136' title='bbox 1191 1210 1403 1260; x_wconf 80' lang='lat' dir='ltr'><strong>particeps</strong></span> <span class='ocrx_word' id='word_1_137' title='bbox 1424 1210 1519 1258; x_wconf 67' lang='lat' dir='ltr'><strong>‘sit,</strong></span> <span class='ocrx_word' id='word_1_138' title='bbox 1553 1210 1801 1248; x_wconf 82' lang='lat' dir='ltr'><strong>exhibeatur</strong></span> <span class='ocrx_word' id='word_1_139' title='bbox 1832 1205 1911 1263; x_wconf 80' lang='lat' dir='ltr'><strong>(cfr</strong></span> <span class='ocrx_word' id='word_1_140' title='bbox 1946 1201 2152 1259; x_wconf 59' lang='lat' dir='ltr'><strong>&amp;sterben-9</strong></span> <span class='ocrx_word' id='word_1_141' title='bbox 2182 1223 2222 1260; x_wconf 91' lang='lat' dir='ltr'><strong>p.</strong></span> <span class='ocrx_word' id='word_1_142' title='bbox 2261 1211 2329 1251; x_wconf 91' lang='grc'><strong>70.</strong></span> <span class='ocrx_word' id='word_1_143' title='bbox 2363 1209 2527 1248; x_wconf 67' lang='grc' dir='ltr'><strong>Κᾶῖικεν</strong></span> 
     </span>
     <span class='ocr_line' id='line_1_13' title="bbox 73 1268 2526 1332; baseline -0.001 -11"><span class='ocrx_word' id='word_1_144' title='bbox 73 1281 99 1321; x_wconf 92' lang='lat' dir='ltr'><strong>l.</strong></span> <span class='ocrx_word' id='word_1_145' title='bbox 149 1292 185 1321; x_wconf 89' lang='lat' dir='ltr'><strong>c.</strong></span> <span class='ocrx_word' id='word_1_146' title='bbox 233 1268 287 1320; x_wconf 84' lang='grc' dir='ltr'><strong>ΙΙ.</strong></span> <span class='ocrx_word' id='word_1_147' title='bbox 335 1279 364 1332; x_wconf 69' lang='grc' dir='ltr'>ἓ</span> <span class='ocrx_word' id='word_1_148' title='bbox 396 1279 509 1330; x_wconf 85' lang='grc'>752).</span> <span class='ocrx_word' id='word_1_149' title='bbox 548 1280 702 1320; x_wconf 90' lang='lat' dir='ltr'><strong>Poetas</strong></span> <span class='ocrx_word' id='word_1_150' title='bbox 737 1281 880 1331; x_wconf 85' lang='lat' dir='ltr'><strong>igitur,</strong></span> <span class='ocrx_word' id='word_1_151' title='bbox 914 1282 1069 1332; x_wconf 88' lang='lat' dir='ltr'><strong>quippe</strong></span> <span class='ocrx_word' id='word_1_152' title='bbox 1100 1282 1171 1332; x_wconf 91' lang='lat' dir='ltr'><strong>qui</strong></span> <span class='ocrx_word' id='word_1_153' title='bbox 1203 1293 1270 1320; x_wconf 91' lang='lat' dir='ltr'><strong>res</strong></span> <span class='ocrx_word' id='word_1_154' title='bbox 1302 1282 1514 1319; x_wconf 87' lang='lat' dir='ltr'><strong>inanimas</strong></span> <span class='ocrx_word' id='word_1_155' title='bbox 1547 1284 1595 1319; x_wconf 93' lang='lat' dir='ltr'><strong>ut</strong></span> <span class='ocrx_word' id='word_1_156' title='bbox 1627 1282 1867 1319; x_wconf 86' lang='lat' dir='ltr'><strong>animantes</strong></span> <span class='ocrx_word' id='word_1_157' title='bbox 1899 1283 2085 1321; x_wconf 88' lang='lat' dir='ltr'><strong>tractare</strong></span> <span class='ocrx_word' id='word_1_158' title='bbox 2117 1281 2313 1328; x_wconf 88' lang='lat' dir='ltr'><strong>solerent,</strong></span> <span class='ocrx_word' id='word_1_159' title='bbox 2345 1282 2399 1321; x_wconf 93' lang='lat' dir='ltr'><strong>ob</strong></span> <span class='ocrx_word' id='word_1_160' title='bbox 2431 1293 2526 1320; x_wconf 87' lang='lat' dir='ltr'><strong>eam</strong></span> 
     </span>
     <span class='ocr_line' id='line_1_14' title="bbox 74 1352 2524 1404; baseline 0 -12"><span class='ocrx_word' id='word_1_161' title='bbox 74 1365 163 1392; x_wconf 89' lang='lat' dir='ltr'><strong>rem</strong></span> <span class='ocrx_word' id='word_1_162' title='bbox 205 1353 351 1392; x_wconf 87' lang='lat' dir='ltr'><strong>dativo</strong></span> <span class='ocrx_word' id='word_1_163' title='bbox 382 1364 495 1404; x_wconf 84' lang='lat' dir='ltr'><strong>saepe</strong></span> <span class='ocrx_word' id='word_1_164' title='bbox 526 1365 627 1393; x_wconf 91' lang='lat' dir='ltr'><strong>usos</strong></span> <span class='ocrx_word' id='word_1_165' title='bbox 659 1365 765 1393; x_wconf 88' lang='lat' dir='ltr'><strong>esse.</strong></span> <span class='ocrx_word' id='word_1_166' title='bbox 830 1353 914 1392; x_wconf 86' lang='lat' dir='ltr'><strong>Sed</strong></span> <span class='ocrx_word' id='word_1_167' title='bbox 945 1353 1036 1393; x_wconf 82' lang='lat' dir='ltr'><strong>haec</strong></span> <span class='ocrx_word' id='word_1_168' title='bbox 1067 1354 1121 1392; x_wconf 88' lang='lat' dir='ltr'><strong>de</strong></span> <span class='ocrx_word' id='word_1_169' title='bbox 1152 1366 1235 1392; x_wconf 89' lang='lat' dir='ltr'><strong>usu</strong></span> <span class='ocrx_word' id='word_1_170' title='bbox 1266 1354 1400 1392; x_wconf 88' lang='lat' dir='ltr'><strong>dativi</strong></span> <span class='ocrx_word' id='word_1_171' title='bbox 1433 1353 1646 1395; x_wconf 87' lang='lat' dir='ltr'><strong>sententia</strong></span> <span class='ocrx_word' id='word_1_172' title='bbox 1679 1365 1782 1391; x_wconf 90' lang='lat' dir='ltr'><strong>num</strong></span> <span class='ocrx_word' id='word_1_173' title='bbox 1816 1353 1922 1391; x_wconf 87' lang='lat' dir='ltr'><strong>satis</strong></span> <span class='ocrx_word' id='word_1_174' title='bbox 1955 1352 2089 1391; x_wconf 84' lang='lat' dir='ltr'><strong>firmis</strong></span> <span class='ocrx_word' id='word_1_175' title='bbox 2122 1353 2391 1392; x_wconf 85' lang='lat' dir='ltr'><strong>documentis</strong></span> <span class='ocrx_word' id='word_1_176' title='bbox 2414 1352 2524 1392; x_wconf 78' lang='lat' dir='ltr'><strong>fulta</strong></span> 
     </span>
     <span class='ocr_line' id='line_1_15' title="bbox 75 1426 2529 1477; baseline 0 -13"><span class='ocrx_word' id='word_1_177' title='bbox 75 1427 144 1473; x_wconf 88' lang='lat' dir='ltr'><strong>sit,</strong></span> <span class='ocrx_word' id='word_1_178' title='bbox 191 1427 237 1464; x_wconf 90' lang='lat' dir='ltr'><strong>in</strong></span> <span class='ocrx_word' id='word_1_179' title='bbox 284 1426 462 1465; x_wconf 88' lang='lat' dir='ltr'><strong>dubium</strong></span> <span class='ocrx_word' id='word_1_180' title='bbox 508 1427 648 1465; x_wconf 89' lang='lat' dir='ltr'><strong>vocari</strong></span> <span class='ocrx_word' id='word_1_181' title='bbox 681 1429 833 1477; x_wconf 86' lang='lat' dir='ltr'><strong>potest.</strong></span> <span class='ocrx_word' id='word_1_182' title='bbox 895 1427 1086 1465; x_wconf 89' lang='lat' dir='ltr'><strong>Primum</strong></span> <span class='ocrx_word' id='word_1_183' title='bbox 1118 1426 1549 1465; x_wconf 88' lang='lat' dir='ltr'><strong>animadvertendum</strong></span> <span class='ocrx_word' id='word_1_184' title='bbox 1581 1428 1648 1464; x_wconf 90' lang='lat' dir='ltr'><strong>est</strong></span> <span class='ocrx_word' id='word_1_185' title='bbox 1679 1427 1723 1463; x_wconf 91' lang='lat' dir='ltr'><strong>in</strong></span> <span class='ocrx_word' id='word_1_186' title='bbox 1755 1426 1994 1476; x_wconf 85' lang='lat' dir='ltr'><strong>originaria,</strong></span> <span class='ocrx_word' id='word_1_187' title='bbox 2029 1427 2055 1464; x_wconf 91' lang='lat' dir='ltr'><strong>i.</strong></span> <span class='ocrx_word' id='word_1_188' title='bbox 2089 1438 2123 1464; x_wconf 89' lang='lat' dir='ltr'><strong>e.</strong></span> <span class='ocrx_word' id='word_1_189' title='bbox 2156 1427 2201 1464; x_wconf 89' lang='lat' dir='ltr'><strong>in</strong></span> <span class='ocrx_word' id='word_1_190' title='bbox 2235 1427 2529 1465; x_wconf 86' lang='lat' dir='ltr'><strong>vetustissima</strong></span> 
     </span>
     <span class='ocr_line' id='line_1_16' title="bbox 76 1498 2526 1549; baseline -0 -12"><span class='ocrx_word' id='word_1_191' title='bbox 76 1499 210 1537; x_wconf 89' lang='lat' dir='ltr'><strong>dativi</strong></span> <span class='ocrx_word' id='word_1_192' title='bbox 250 1498 559 1549; x_wconf 79' lang='lat' dir='ltr'><strong>significatione</strong></span> <span class='ocrx_word' id='word_1_193' title='bbox 590 1499 696 1537; x_wconf 89' lang='lat' dir='ltr'><strong>nihil</strong></span> <span class='ocrx_word' id='word_1_194' title='bbox 727 1499 880 1548; x_wconf 87' lang='lat' dir='ltr'><strong>inesse,</strong></span> <span class='ocrx_word' id='word_1_195' title='bbox 914 1510 988 1538; x_wconf 91' lang='lat' dir='ltr'><strong>cur</strong></span> <span class='ocrx_word' id='word_1_196' title='bbox 1018 1499 1088 1537; x_wconf 89' lang='lat' dir='ltr'><strong>hic</strong></span> <span class='ocrx_word' id='word_1_197' title='bbox 1119 1510 1244 1537; x_wconf 87' lang='lat' dir='ltr'><strong>casus</strong></span> <span class='ocrx_word' id='word_1_198' title='bbox 1275 1500 1429 1549; x_wconf 84' lang='lat' dir='ltr'><strong>praeter</strong></span> <span class='ocrx_word' id='word_1_199' title='bbox 1460 1500 1622 1537; x_wconf 91' lang='lat' dir='ltr'><strong>ceteros</strong></span> <span class='ocrx_word' id='word_1_200' title='bbox 1656 1498 1708 1536; x_wconf 90' lang='lat' dir='ltr'><strong>de</strong></span> <span class='ocrx_word' id='word_1_201' title='bbox 1740 1499 1932 1548; x_wconf 89' lang='lat' dir='ltr'><strong>personis</strong></span> <span class='ocrx_word' id='word_1_202' title='bbox 1964 1499 2231 1544; x_wconf 87' lang='lat' dir='ltr'><strong>adhibeatur,</strong></span> <span class='ocrx_word' id='word_1_203' title='bbox 2266 1510 2526 1549; x_wconf 88' lang='lat' dir='ltr'><strong>quamquam</strong></span> 
     </span>
     <span class='ocr_line' id='line_1_17' title="bbox 75 1560 2526 1621; baseline -0 -12"><span class='ocrx_word' id='word_1_204' title='bbox 75 1571 132 1609; x_wconf 87' lang='lat' dir='ltr'><strong>ad</strong></span> <span class='ocrx_word' id='word_1_205' title='bbox 178 1570 384 1609; x_wconf 86' lang='lat' dir='ltr'><strong>nonnulla</strong></span> <span class='ocrx_word' id='word_1_206' title='bbox 430 1571 559 1609; x_wconf 89' lang='lat' dir='ltr'><strong>verba</strong></span> <span class='ocrx_word' id='word_1_207' title='bbox 606 1571 800 1609; x_wconf 91' lang='lat' dir='ltr'><strong>dativum</strong></span> <span class='ocrx_word' id='word_1_208' title='bbox 837 1573 931 1610; x_wconf 88' lang='lat' dir='ltr'><strong>tum</strong></span> <span class='ocrx_word' id='word_1_209' title='bbox 963 1560 1198 1621; x_wconf 83' lang='lat' dir='ltr'><strong>praesertim</strong></span> <span class='ocrx_word' id='word_1_210' title='bbox 1229 1571 1343 1620; x_wconf 90' lang='lat' dir='ltr'><strong>poni,</strong></span> <span class='ocrx_word' id='word_1_211' title='bbox 1377 1583 1510 1620; x_wconf 91' lang='lat' dir='ltr'><strong>quum</strong></span> <span class='ocrx_word' id='word_1_212' title='bbox 1543 1571 1596 1608; x_wconf 87' lang='lat' dir='ltr'><strong>de</strong></span> <span class='ocrx_word' id='word_1_213' title='bbox 1627 1571 1819 1620; x_wconf 88' lang='lat' dir='ltr'><strong>personis</strong></span> <span class='ocrx_word' id='word_1_214' title='bbox 1851 1573 2016 1620; x_wconf 77' lang='lat' dir='ltr'><strong>agatur,</strong></span> <span class='ocrx_word' id='word_1_215' title='bbox 2049 1582 2133 1609; x_wconf 92' lang='lat' dir='ltr'><strong>non</strong></span> <span class='ocrx_word' id='word_1_216' title='bbox 2167 1574 2234 1610; x_wconf 88' lang='lat' dir='ltr'><strong>est</strong></span> <span class='ocrx_word' id='word_1_217' title='bbox 2265 1572 2526 1621; x_wconf 87' lang='lat' dir='ltr'><strong>negandum.</strong></span> 
     </span>
     <span class='ocr_line' id='line_1_18' title="bbox 76 1632 2528 1693; baseline 0 -13"><span class='ocrx_word' id='word_1_218' title='bbox 76 1642 159 1680; x_wconf 90' lang='lat' dir='ltr'><strong>Sed</strong></span> <span class='ocrx_word' id='word_1_219' title='bbox 206 1643 260 1681; x_wconf 92' lang='lat' dir='ltr'><strong>ob</strong></span> <span class='ocrx_word' id='word_1_220' title='bbox 291 1654 388 1681; x_wconf 87' lang='lat' dir='ltr'><strong>eam</strong></span> <span class='ocrx_word' id='word_1_221' title='bbox 419 1655 510 1681; x_wconf 90' lang='lat' dir='ltr'><strong>rem</strong></span> <span class='ocrx_word' id='word_1_222' title='bbox 541 1654 626 1681; x_wconf 91' lang='lat' dir='ltr'><strong>non</strong></span> <span class='ocrx_word' id='word_1_223' title='bbox 659 1632 726 1681; x_wconf 87' lang='lat' dir='ltr'><strong>est</strong></span> <span class='ocrx_word' id='word_1_224' title='bbox 756 1655 930 1682; x_wconf 87' lang='lat' dir='ltr'><strong>necesse</strong></span> <span class='ocrx_word' id='word_1_225' title='bbox 962 1646 1113 1693; x_wconf 88' lang='lat' dir='ltr'><strong>putare</strong></span> <span class='ocrx_word' id='word_1_226' title='bbox 1146 1644 1339 1681; x_wconf 86' lang='lat' dir='ltr'><strong>dativum</strong></span> <span class='ocrx_word' id='word_1_227' title='bbox 1372 1643 1571 1681; x_wconf 90' lang='lat' dir='ltr'><strong>omnibus</strong></span> <span class='ocrx_word' id='word_1_228' title='bbox 1603 1643 1717 1688; x_wconf 88' lang='lat' dir='ltr'><strong>locis,</strong></span> <span class='ocrx_word' id='word_1_229' title='bbox 1752 1643 1821 1681; x_wconf 92' lang='lat' dir='ltr'><strong>ubi</strong></span> <span class='ocrx_word' id='word_1_230' title='bbox 1855 1643 1923 1681; x_wconf 91' lang='lat' dir='ltr'><strong>hic</strong></span> <span class='ocrx_word' id='word_1_231' title='bbox 1955 1655 2081 1681; x_wconf 90' lang='lat' dir='ltr'><strong>casus</strong></span> <span class='ocrx_word' id='word_1_232' title='bbox 2113 1647 2318 1689; x_wconf 86' lang='lat' dir='ltr'><strong>occurrat,</strong></span> <span class='ocrx_word' id='word_1_233' title='bbox 2354 1643 2408 1682; x_wconf 88' lang='lat' dir='ltr'><strong>de</strong></span> <span class='ocrx_word' id='word_1_234' title='bbox 2441 1655 2528 1693; x_wconf 88' lang='lat' dir='ltr'><strong>per-</strong></span> 
     </span>
     <span class='ocr_line' id='line_1_19' title="bbox 77 1710 2526 1764; baseline 0 -12"><span class='ocrx_word' id='word_1_235' title='bbox 77 1714 193 1752; x_wconf 89' lang='lat' dir='ltr'><strong>sonis</strong></span> <span class='ocrx_word' id='word_1_236' title='bbox 225 1717 494 1764; x_wconf 79' lang='lat' dir='ltr'><strong>,usurpatum</strong></span> <span class='ocrx_word' id='word_1_237' title='bbox 525 1726 619 1753; x_wconf 88' lang='lat' dir='ltr'><strong>esse</strong></span> <span class='ocrx_word' id='word_1_238' title='bbox 633 1710 675 1764; x_wconf 89' lang='lat'><strong>¹).</strong></span> <span class='ocrx_word' id='word_1_239' title='bbox 709 1714 792 1753; x_wconf 86' lang='lat' dir='ltr'><strong>Sed</strong></span> <span class='ocrx_word' id='word_1_240' title='bbox 825 1726 908 1764; x_wconf 89' lang='lat' dir='ltr'><strong>qna</strong></span> <span class='ocrx_word' id='word_1_241' title='bbox 940 1715 993 1753; x_wconf 91' lang='lat' dir='ltr'><strong>de</strong></span> <span class='ocrx_word' id='word_1_242' title='bbox 1024 1726 1155 1753; x_wconf 88' lang='lat' dir='ltr'><strong>cansa</strong></span> <span class='ocrx_word' id='word_1_243' title='bbox 1187 1715 1321 1752; x_wconf 89' lang='lat' dir='ltr'><strong>dativi</strong></span> <span class='ocrx_word' id='word_1_244' title='bbox 1354 1726 1457 1752; x_wconf 92' lang='lat' dir='ltr'><strong>usus</strong></span> <span class='ocrx_word' id='word_1_245' title='bbox 1489 1716 1661 1752; x_wconf 87' lang='lat' dir='ltr'><strong>tantum</strong></span> <span class='ocrx_word' id='word_1_246' title='bbox 1693 1715 1982 1761; x_wconf 86' lang='lat' dir='ltr'><strong>increbruerit,</strong></span> <span class='ocrx_word' id='word_1_247' title='bbox 2017 1715 2316 1753; x_wconf 81' lang='lat' dir='ltr'><strong>difficillimum</strong></span> <span class='ocrx_word' id='word_1_248' title='bbox 2348 1717 2415 1753; x_wconf 89' lang='lat' dir='ltr'><strong>est</strong></span> <span class='ocrx_word' id='word_1_249' title='bbox 2447 1715 2526 1752; x_wconf 91' lang='lat' dir='ltr'><strong>dis-</strong></span> 
     </span>
     <span class='ocr_line' id='line_1_20' title="bbox 78 1785 2528 1837; baseline 0 -13"><span class='ocrx_word' id='word_1_250' title='bbox 78 1797 258 1826; x_wconf 87' lang='lat' dir='ltr'><strong>cernere.</strong></span> <span class='ocrx_word' id='word_1_251' title='bbox 307 1785 634 1825; x_wconf 88' lang='lat' dir='ltr'><strong>Observandum</strong></span> <span class='ocrx_word' id='word_1_252' title='bbox 681 1787 828 1836; x_wconf 88' lang='lat' dir='ltr'><strong>utique</strong></span> <span class='ocrx_word' id='word_1_253' title='bbox 875 1789 942 1825; x_wconf 91' lang='lat' dir='ltr'><strong>est</strong></span> <span class='ocrx_word' id='word_1_254' title='bbox 988 1786 1185 1825; x_wconf 89' lang='lat' dir='ltr'><strong>dativum</strong></span> <span class='ocrx_word' id='word_1_255' title='bbox 1232 1786 1363 1825; x_wconf 87' lang='lat' dir='ltr'><strong>etiam</strong></span> <span class='ocrx_word' id='word_1_256' title='bbox 1412 1785 1506 1824; x_wconf 89' lang='lat' dir='ltr'><strong>aliis</strong></span> <span class='ocrx_word' id='word_1_257' title='bbox 1553 1786 1691 1824; x_wconf 90' lang='lat' dir='ltr'><strong>modis</strong></span> <span class='ocrx_word' id='word_1_258' title='bbox 1734 1786 1890 1836; x_wconf 85' lang='lat' dir='ltr'><strong>saepius</strong></span> <span class='ocrx_word' id='word_1_259' title='bbox 1922 1798 1948 1824; x_wconf 91' lang='lat' dir='ltr'><strong>a</strong></span> <span class='ocrx_word' id='word_1_260' title='bbox 1980 1787 2128 1837; x_wconf 73' lang='lat' dir='ltr'><strong>poetis,</strong></span> <span class='ocrx_word' id='word_1_261' title='bbox 2161 1799 2289 1837; x_wconf 88' lang='lat' dir='ltr'><strong>quam</strong></span> <span class='ocrx_word' id='word_1_262' title='bbox 2322 1798 2347 1824; x_wconf 87' lang='lat' dir='ltr'><strong>a</strong></span> <span class='ocrx_word' id='word_1_263' title='bbox 2379 1787 2528 1825; x_wconf 87' lang='lat' dir='ltr'><strong>solutae</strong></span> 
     </span>
     <span class='ocr_line' id='line_1_21' title="bbox 78 1845 2527 1909; baseline -0.001 -12"><span class='ocrx_word' id='word_1_264' title='bbox 78 1858 281 1897; x_wconf 89' lang='lat' dir='ltr'><strong>orationis</strong></span> <span class='ocrx_word' id='word_1_265' title='bbox 312 1858 587 1909; x_wconf 84' lang='lat' dir='ltr'><strong>scriptoribus</strong></span> <span class='ocrx_word' id='word_1_266' title='bbox 617 1859 731 1908; x_wconf 90' lang='lat' dir='ltr'><strong>poni,</strong></span> <span class='ocrx_word' id='word_1_267' title='bbox 765 1861 815 1896; x_wconf 91' lang='lat' dir='ltr'><strong>ut</strong></span> <span class='ocrx_word' id='word_1_268' title='bbox 846 1861 890 1897; x_wconf 87' lang='lat' dir='ltr'><strong>et</strong></span> <span class='ocrx_word' id='word_1_269' title='bbox 921 1845 1093 1896; x_wconf 81' lang='lat' dir='ltr'><strong>dativus</strong></span> <span class='ocrx_word' id='word_1_270' title='bbox 1125 1858 1181 1896; x_wconf 89' lang='lat' dir='ltr'><strong>ad</strong></span> <span class='ocrx_word' id='word_1_271' title='bbox 1212 1859 1343 1897; x_wconf 85' lang='lat' dir='ltr'><strong>verba</strong></span> <span class='ocrx_word' id='word_1_272' title='bbox 1359 1857 1578 1897; x_wconf 80' lang='lat' dir='ltr'><strong>abstinendi</strong></span> <span class='ocrx_word' id='word_1_273' title='bbox 1599 1860 1677 1896; x_wconf 87' lang='lat' dir='ltr'><strong>cet.</strong></span> <span class='ocrx_word' id='word_1_274' title='bbox 1700 1860 1743 1896; x_wconf 87' lang='lat' dir='ltr'><strong>et</strong></span> <span class='ocrx_word' id='word_1_275' title='bbox 1765 1859 1948 1903; x_wconf 86' lang='lat' dir='ltr'><strong>dativus,</strong></span> <span class='ocrx_word' id='word_1_276' title='bbox 1966 1860 2036 1908; x_wconf 92' lang='lat' dir='ltr'><strong>qui</strong></span> <span class='ocrx_word' id='word_1_277' title='bbox 2055 1861 2230 1897; x_wconf 89' lang='lat' dir='ltr'><strong>vocatur</strong></span> <span class='ocrx_word' id='word_1_278' title='bbox 2246 1860 2527 1909; x_wconf 80' lang='lat' dir='ltr'><strong>possessivus,</strong></span> 
     </span>
     <span class='ocr_line' id='line_1_22' title="bbox 78 1929 2529 1982; baseline 0 -14"><span class='ocrx_word' id='word_1_279' title='bbox 78 1930 194 1981; x_wconf 88' lang='lat' dir='ltr'><strong>apud</strong></span> <span class='ocrx_word' id='word_1_280' title='bbox 238 1932 387 1980; x_wconf 89' lang='lat' dir='ltr'><strong>poetas</strong></span> <span class='ocrx_word' id='word_1_281' title='bbox 439 1930 594 1981; x_wconf 86' lang='lat' dir='ltr'><strong>saepius</strong></span> <span class='ocrx_word' id='word_1_282' title='bbox 640 1931 833 1969; x_wconf 89' lang='lat' dir='ltr'><strong>occurrit.</strong></span> <span class='ocrx_word' id='word_1_283' title='bbox 898 1929 988 1982; x_wconf 79' lang='lat' dir='ltr'><strong>(etr</strong></span> <span class='ocrx_word' id='word_1_284' title='bbox 1036 1929 1214 1969; x_wconf 72' lang='lat' dir='ltr'><strong>Schmalz</strong></span> <span class='ocrx_word' id='word_1_285' title='bbox 1258 1943 1299 1981; x_wconf 93' lang='lat' dir='ltr'><strong>p.</strong></span> <span class='ocrx_word' id='word_1_286' title='bbox 1351 1931 1438 1970; x_wconf 72' lang='grc'>424-</span> <span class='ocrx_word' id='word_1_287' title='bbox 1485 1931 1591 1979; x_wconf 88' lang='lat' dir='ltr'><strong>sqq).</strong></span> <span class='ocrx_word' id='word_1_288' title='bbox 1642 1930 1776 1968; x_wconf 90' lang='lat' dir='ltr'><strong>Hunc</strong></span> <span class='ocrx_word' id='word_1_289' title='bbox 1824 1931 1953 1980; x_wconf 86' lang='lat' dir='ltr'><strong>igitur</strong></span> <span class='ocrx_word' id='word_1_290' title='bbox 1999 1942 2147 1968; x_wconf 87' lang='lat' dir='ltr'><strong>casum</strong></span> <span class='ocrx_word' id='word_1_291' title='bbox 2192 1932 2392 1969; x_wconf 89' lang='lat' dir='ltr'><strong>videntur</strong></span> <span class='ocrx_word' id='word_1_292' title='bbox 2431 1931 2529 1968; x_wconf 87' lang='lat' dir='ltr'><strong>ada-</strong></span> 
     </span>
     <span class='ocr_line' id='line_1_23' title="bbox 81 2001 2523 2054; baseline -0 -13"><span class='ocrx_word' id='word_1_293' title='bbox 81 2012 235 2043; x_wconf 86' lang='lat' dir='ltr'><strong>masse.</strong></span> <span class='ocrx_word' id='word_1_294' title='bbox 299 2001 434 2054; x_wconf 78' lang='lat' dir='ltr'><strong>Cujus</strong></span> <span class='ocrx_word' id='word_1_295' title='bbox 482 2003 541 2041; x_wconf 89' lang='lat' dir='ltr'><strong>rei</strong></span> <span class='ocrx_word' id='word_1_296' title='bbox 588 2002 704 2040; x_wconf 89' lang='lat' dir='ltr'><strong>haud</strong></span> <span class='ocrx_word' id='word_1_297' title='bbox 748 2002 872 2041; x_wconf 78' lang='lat' dir='ltr'><strong>facile</strong></span> <span class='ocrx_word' id='word_1_298' title='bbox 917 2005 984 2041; x_wconf 92' lang='lat' dir='ltr'><strong>est</strong></span> <span class='ocrx_word' id='word_1_299' title='bbox 1030 2013 1181 2041; x_wconf 83' lang='lat' dir='ltr'><strong>causas</strong></span> <span class='ocrx_word' id='word_1_300' title='bbox 1214 2013 1370 2040; x_wconf 89' lang='lat' dir='ltr'><strong>eruere.</strong></span> <span class='ocrx_word' id='word_1_301' title='bbox 1433 2002 1516 2041; x_wconf 89' lang='lat' dir='ltr'><strong>Sed</strong></span> <span class='ocrx_word' id='word_1_302' title='bbox 1549 2002 1628 2039; x_wconf 89' lang='lat' dir='ltr'><strong>hoc</strong></span> <span class='ocrx_word' id='word_1_303' title='bbox 1659 2001 1868 2052; x_wconf 77' lang='lat' dir='ltr'><strong>p&#39;raeeipue</strong></span> <span class='ocrx_word' id='word_1_304' title='bbox 1900 2003 2294 2041; x_wconf 87' lang='lat' dir='ltr'><strong>animadvertamus</strong></span> <span class='ocrx_word' id='word_1_305' title='bbox 2327 2003 2523 2040; x_wconf 88' lang='lat' dir='ltr'><strong>dativum</strong></span> 
     </span>
     <span class='ocr_line' id='line_1_24' title="bbox 78 2075 2527 2126; baseline 0 -12"><span class='ocrx_word' id='word_1_306' title='bbox 78 2075 200 2114; x_wconf 87' lang='lat' dir='ltr'><strong>locali</strong></span> <span class='ocrx_word' id='word_1_307' title='bbox 246 2086 377 2114; x_wconf 87' lang='lat' dir='ltr'><strong>sensu</strong></span> <span class='ocrx_word' id='word_1_308' title='bbox 421 2075 662 2125; x_wconf 74' lang='lat' dir='ltr'><strong>praeditum,</strong></span> <span class='ocrx_word' id='word_1_309' title='bbox 712 2076 783 2125; x_wconf 91' lang='lat' dir='ltr'><strong>qni</strong></span> <span class='ocrx_word' id='word_1_310' title='bbox 829 2075 970 2121; x_wconf 85' lang='lat' dir='ltr'><strong>finem,</strong></span> <span class='ocrx_word' id='word_1_311' title='bbox 1018 2075 1073 2113; x_wconf 89' lang='lat' dir='ltr'><strong>ad</strong></span> <span class='ocrx_word' id='word_1_312' title='bbox 1118 2086 1245 2125; x_wconf 89' lang='lat' dir='ltr'><strong>quem</strong></span> <span class='ocrx_word' id='word_1_313' title='bbox 1276 2075 1417 2112; x_wconf 89' lang='lat' dir='ltr'><strong>tendit-</strong></span> <span class='ocrx_word' id='word_1_314' title='bbox 1450 2075 1515 2113; x_wconf 90' lang='lat' dir='ltr'><strong>vel</strong></span> <span class='ocrx_word' id='word_1_315' title='bbox 1548 2076 1741 2124; x_wconf 87' lang='lat' dir='ltr'><strong>pervenit</strong></span> <span class='ocrx_word' id='word_1_316' title='bbox 1771 2075 1943 2126; x_wconf 87' lang='lat' dir='ltr'><strong>aliquid,</strong></span> <span class='ocrx_word' id='word_1_317' title='bbox 1976 2076 2199 2126; x_wconf 86' lang='lat' dir='ltr'><strong>significat,</strong></span> <span class='ocrx_word' id='word_1_318' title='bbox 2232 2076 2345 2126; x_wconf 89' lang='lat' dir='ltr'><strong>apud</strong></span> <span class='ocrx_word' id='word_1_319' title='bbox 2379 2079 2527 2126; x_wconf 88' lang='lat' dir='ltr'><strong>poetas</strong></span> 
     </span>
     <span class='ocr_line' id='line_1_25' title="bbox 78 2146 2527 2200; baseline 0 -14"><span class='ocrx_word' id='word_1_320' title='bbox 78 2146 139 2198; x_wconf 91' lang='lat' dir='ltr'><strong>(et</strong></span> <span class='ocrx_word' id='word_1_321' title='bbox 168 2146 377 2200; x_wconf 87' lang='lat' dir='ltr'><strong>posteros)</strong></span> <span class='ocrx_word' id='word_1_322' title='bbox 407 2148 562 2198; x_wconf 87' lang='lat' dir='ltr'><strong>saepius</strong></span> <span class='ocrx_word' id='word_1_323' title='bbox 594 2147 774 2186; x_wconf 89' lang='lat' dir='ltr'><strong>inveniri</strong></span> <span class='ocrx_word' id='word_1_324' title='bbox 809 2146 1018 2194; x_wconf 76' lang='lat' dir='ltr'><strong>(schmalz.</strong></span> <span class='ocrx_word' id='word_1_325' title='bbox 1049 2159 1078 2198; x_wconf 93' lang='lat' dir='ltr'><strong>p</strong></span> <span class='ocrx_word' id='word_1_326' title='bbox 1126 2147 1240 2198; x_wconf 75' lang='lat'><strong>428).</strong></span> <span class='ocrx_word' id='word_1_327' title='bbox 1304 2148 1444 2198; x_wconf 83' lang='lat' dir='ltr'><strong>Atque</strong></span> <span class='ocrx_word' id='word_1_328' title='bbox 1474 2159 1606 2197; x_wconf 90' lang='lat' dir='ltr'><strong>quum</strong></span> <span class='ocrx_word' id='word_1_329' title='bbox 1634 2149 1678 2184; x_wconf 90' lang='lat' dir='ltr'><strong>in</strong></span> <span class='ocrx_word' id='word_1_330' title='bbox 1702 2149 1854 2196; x_wconf 88' lang='lat' dir='ltr'><strong>verbis,</strong></span> <span class='ocrx_word' id='word_1_331' title='bbox 1878 2148 1931 2186; x_wconf 85' lang='lat' dir='ltr'><strong>de</strong></span> <span class='ocrx_word' id='word_1_332' title='bbox 1953 2149 2107 2198; x_wconf 92' lang='lat' dir='ltr'><strong>quibus</strong></span> <span class='ocrx_word' id='word_1_333' title='bbox 2129 2148 2322 2187; x_wconf 71' lang='lat' dir='ltr'><strong>hocloco</strong></span> <span class='ocrx_word' id='word_1_334' title='bbox 2343 2149 2527 2199; x_wconf 88' lang='lat' dir='ltr'><strong>agimus,</strong></span> 
     </span>
     <span class='ocr_line' id='line_1_26' title="bbox 78 2219 2527 2269; baseline 0 -11"><span class='ocrx_word' id='word_1_335' title='bbox 78 2219 223 2258; x_wconf 89' lang='lat' dir='ltr'><strong>localis</strong></span> <span class='ocrx_word' id='word_1_336' title='bbox 248 2219 465 2269; x_wconf 85' lang='lat' dir='ltr'><strong>.quaedam</strong></span> <span class='ocrx_word' id='word_1_337' title='bbox 514 2219 630 2257; x_wconf 90' lang='lat' dir='ltr'><strong>notio</strong></span> <span class='ocrx_word' id='word_1_338' title='bbox 676 2219 802 2265; x_wconf 89' lang='lat' dir='ltr'><strong>inest,</strong></span> <span class='ocrx_word' id='word_1_339' title='bbox 851 2220 954 2268; x_wconf 91' lang='lat' dir='ltr'><strong>quid</strong></span> <span class='ocrx_word' id='word_1_340' title='bbox 1000 2222 1067 2257; x_wconf 88' lang='lat' dir='ltr'><strong>est</strong></span> <span class='ocrx_word' id='word_1_341' title='bbox 1097 2220 1234 2269; x_wconf 87' lang='lat' dir='ltr'><strong>magis</strong></span> <span class='ocrx_word' id='word_1_342' title='bbox 1266 2222 1614 2265; x_wconf 85' lang='lat' dir='ltr'><strong>consentaneum,</strong></span> <span class='ocrx_word' id='word_1_343' title='bbox 1649 2231 1777 2269; x_wconf 89' lang='lat' dir='ltr'><strong>quam</strong></span> <span class='ocrx_word' id='word_1_344' title='bbox 1809 2221 1939 2258; x_wconf 85' lang='lat' dir='ltr'><strong>etiam</strong></span> <span class='ocrx_word' id='word_1_345' title='bbox 1972 2220 2037 2257; x_wconf 90' lang='lat' dir='ltr'><strong>his</strong></span> <span class='ocrx_word' id='word_1_346' title='bbox 2071 2221 2210 2259; x_wconf 90' lang='lat' dir='ltr'><strong>verbis</strong></span> <span class='ocrx_word' id='word_1_347' title='bbox 2243 2221 2440 2259; x_wconf 90' lang='lat' dir='ltr'><strong>dativum</strong></span> <span class='ocrx_word' id='word_1_348' title='bbox 2471 2222 2527 2258; x_wconf 87' lang='lat' dir='ltr'><strong>ad</strong></span> 
     </span>
     <span class='ocr_line' id='line_1_27' title="bbox 78 2290 2526 2343; baseline 0 -13"><span class='ocrx_word' id='word_1_349' title='bbox 78 2290 209 2330; x_wconf 83' lang='lat' dir='ltr'><strong>finem</strong></span> <span class='ocrx_word' id='word_1_350' title='bbox 255 2290 585 2342; x_wconf 88' lang='lat' dir='ltr'><strong>significandum</strong></span> <span class='ocrx_word' id='word_1_351' title='bbox 622 2302 648 2329; x_wconf 91' lang='lat' dir='ltr'><strong>a</strong></span> <span class='ocrx_word' id='word_1_352' title='bbox 678 2291 814 2342; x_wconf 90' lang='lat' dir='ltr'><strong>poetis</strong></span> <span class='ocrx_word' id='word_1_353' title='bbox 846 2292 990 2331; x_wconf 89' lang='lat' dir='ltr'><strong>erebro</strong></span> <span class='ocrx_word' id='word_1_354' title='bbox 1021 2292 1209 2342; x_wconf 88' lang='lat' dir='ltr'><strong>positum</strong></span> <span class='ocrx_word' id='word_1_355' title='bbox 1241 2302 1347 2330; x_wconf 91' lang='lat' dir='ltr'><strong>esse.</strong></span> <span class='ocrx_word' id='word_1_356' title='bbox 1411 2291 1521 2330; x_wconf 90' lang='lat' dir='ltr'><strong>Nam</strong></span> <span class='ocrx_word' id='word_1_357' title='bbox 1554 2291 1747 2329; x_wconf 90' lang='lat' dir='ltr'><strong>dativum</strong></span> <span class='ocrx_word' id='word_1_358' title='bbox 1780 2292 1832 2330; x_wconf 94' lang='lat' dir='ltr'><strong>ob</strong></span> <span class='ocrx_word' id='word_1_359' title='bbox 1865 2303 1960 2330; x_wconf 88' lang='lat' dir='ltr'><strong>eam</strong></span> <span class='ocrx_word' id='word_1_360' title='bbox 1992 2303 2083 2330; x_wconf 88' lang='lat' dir='ltr'><strong>rem</strong></span> <span class='ocrx_word' id='word_1_361' title='bbox 2114 2292 2244 2331; x_wconf 86' lang='lat' dir='ltr'><strong>finem</strong></span> <span class='ocrx_word' id='word_1_362' title='bbox 2278 2293 2526 2343; x_wconf 85' lang='lat' dir='ltr'><strong>exprimere,</strong></span> 
     </span>
     <span class='ocr_line' id='line_1_28' title="bbox 79 2345 2531 2415; baseline 0 -13"><span class='ocrx_word' id='word_1_363' title='bbox 79 2363 191 2413; x_wconf 89' lang='lat' dir='ltr'><strong>quod</strong></span> <span class='ocrx_word' id='word_1_364' title='bbox 224 2375 323 2402; x_wconf 88' lang='lat' dir='ltr'><strong>cum</strong></span> <span class='ocrx_word' id='word_1_365' title='bbox 354 2363 530 2413; x_wconf 90' lang='lat' dir='ltr'><strong>antiquo</strong></span> <span class='ocrx_word' id='word_1_366' title='bbox 561 2362 632 2401; x_wconf 91' lang='lat' dir='ltr'><strong>illo</strong></span> <span class='ocrx_word' id='word_1_367' title='bbox 664 2363 846 2402; x_wconf 84' lang='lat' dir='ltr'><strong>locativo</strong></span> <span class='ocrx_word' id='word_1_368' title='bbox 877 2375 980 2402; x_wconf 90' lang='lat' dir='ltr'><strong>casu</strong></span> <span class='ocrx_word' id='word_1_369' title='bbox 1011 2363 1225 2415; x_wconf 85' lang='lat' dir='ltr'><strong>coaluerit,</strong></span> <span class='ocrx_word' id='word_1_370' title='bbox 1257 2364 1381 2402; x_wconf 90' lang='lat' dir='ltr'><strong>docet</strong></span> <span class='ocrx_word' id='word_1_371' title='bbox 1411 2362 1588 2402; x_wconf 77' lang='lat' dir='ltr'><strong>Schmalz</strong></span> <span class='ocrx_word' id='word_1_372' title='bbox 1623 2362 1677 2413; x_wconf 89' lang='lat' dir='ltr'><strong>(p.</strong></span> <span class='ocrx_word' id='word_1_373' title='bbox 1709 2364 1825 2415; x_wconf 82' lang='lat'>424).</span> <span class='ocrx_word' id='word_1_374' title='bbox 1889 2345 2001 2401; x_wconf 84' lang='lat' dir='ltr'><strong>Num</strong></span> <span class='ocrx_word' id='word_1_375' title='bbox 2025 2364 2375 2414; x_wconf 86' lang='lat' dir='ltr'><strong>breviloquentiae</strong></span> <span class='ocrx_word' id='word_1_376' title='bbox 2400 2376 2531 2403; x_wconf 88' lang='lat' dir='ltr'><strong>causa</strong></span> 
     </span>
     <span class='ocr_line' id='line_1_29' title="bbox 78 2434 2532 2487; baseline 0.001 -14"><span class='ocrx_word' id='word_1_377' title='bbox 78 2435 146 2474; x_wconf 88' lang='lat' dir='ltr'><strong>vel</strong></span> <span class='ocrx_word' id='word_1_378' title='bbox 192 2435 320 2474; x_wconf 91' lang='lat' dir='ltr'><strong>rebus</strong></span> <span class='ocrx_word' id='word_1_379' title='bbox 366 2434 553 2474; x_wconf 89' lang='lat' dir='ltr'><strong>metricis</strong></span> <span class='ocrx_word' id='word_1_380' title='bbox 599 2435 780 2485; x_wconf 87' lang='lat' dir='ltr'><strong>permoti</strong></span> <span class='ocrx_word' id='word_1_381' title='bbox 827 2437 963 2485; x_wconf 87' lang='lat' dir='ltr'><strong>poetae</strong></span> <span class='ocrx_word' id='word_1_382' title='bbox 997 2435 1191 2474; x_wconf 90' lang='lat' dir='ltr'><strong>dativum</strong></span> <span class='ocrx_word' id='word_1_383' title='bbox 1232 2446 1554 2485; x_wconf 90' lang='lat' dir='ltr'><strong>nonnumquam</strong></span> <span class='ocrx_word' id='word_1_384' title='bbox 1588 2435 1863 2486; x_wconf 82' lang='lat' dir='ltr'><strong>praetulerint,</strong></span> <span class='ocrx_word' id='word_1_385' title='bbox 1897 2436 1940 2474; x_wconf 92' lang='lat' dir='ltr'><strong>in</strong></span> <span class='ocrx_word' id='word_1_386' title='bbox 1974 2436 2104 2475; x_wconf 89' lang='lat' dir='ltr'><strong>dubio</strong></span> <span class='ocrx_word' id='word_1_387' title='bbox 2135 2437 2385 2487; x_wconf 83' lang='lat' dir='ltr'><strong>relinquam.</strong></span> <span class='ocrx_word' id='word_1_388' title='bbox 2447 2436 2532 2475; x_wconf 87' lang='lat' dir='ltr'><strong>Sed</strong></span> 
     </span>
     <span class='ocr_line' id='line_1_30' title="bbox 79 2507 1332 2559; baseline 0.002 -14"><span class='ocrx_word' id='word_1_389' title='bbox 79 2518 169 2546; x_wconf 90' lang='lat' dir='ltr'><strong>rem</strong></span> <span class='ocrx_word' id='word_1_390' title='bbox 199 2507 263 2547; x_wconf 85' lang='lat' dir='ltr'><strong>ita</strong></span> <span class='ocrx_word' id='word_1_391' title='bbox 293 2519 339 2547; x_wconf 91' lang='lat' dir='ltr'><strong>se</strong></span> <span class='ocrx_word' id='word_1_392' title='bbox 370 2507 526 2547; x_wconf 85' lang='lat' dir='ltr'><strong>babere</strong></span> <span class='ocrx_word' id='word_1_393' title='bbox 557 2519 644 2547; x_wconf 92' lang='lat' dir='ltr'><strong>non</strong></span> <span class='ocrx_word' id='word_1_394' title='bbox 676 2508 850 2547; x_wconf 86' lang='lat' dir='ltr'><strong>omnino</strong></span> <span class='ocrx_word' id='word_1_395' title='bbox 882 2507 1184 2559; x_wconf 86' lang='lat' dir='ltr'><strong>denegandum</strong></span> <span class='ocrx_word' id='word_1_396' title='bbox 1216 2510 1332 2558; x_wconf 82' lang='lat' dir='ltr'><strong>puto.</strong></span> 
     </span>
    </p>

    <p class='ocr_par' dir='ltr' id='par_1_4' title="bbox 78 2579 2539 3199">
     <span class='ocr_line' id='line_1_31' title="bbox 296 2579 2529 2632; baseline 0.001 -14"><span class='ocrx_word' id='word_1_397' title='bbox 296 2579 421 2628; x_wconf 89' lang='lat' dir='ltr'><strong>Quod</strong></span> <span class='ocrx_word' id='word_1_398' title='bbox 466 2581 522 2620; x_wconf 86' lang='lat' dir='ltr'><strong>ad</strong></span> <span class='ocrx_word' id='word_1_399' title='bbox 571 2581 727 2619; x_wconf 91' lang='lat' dir='ltr'><strong>Lucani</strong></span> <span class='ocrx_word' id='word_1_400' title='bbox 774 2592 1016 2619; x_wconf 87' lang='lat' dir='ltr'><strong>sermonem</strong></span> <span class='ocrx_word' id='word_1_401' title='bbox 1064 2581 1232 2629; x_wconf 85' lang='lat' dir='ltr'><strong>attinet,</strong></span> <span class='ocrx_word' id='word_1_402' title='bbox 1276 2592 1408 2629; x_wconf 90' lang='lat' dir='ltr'><strong>quum</strong></span> <span class='ocrx_word' id='word_1_403' title='bbox 1447 2581 1582 2618; x_wconf 90' lang='lat' dir='ltr'><strong>multa</strong></span> <span class='ocrx_word' id='word_1_404' title='bbox 1614 2582 1742 2619; x_wconf 87' lang='lat' dir='ltr'><strong>verba</strong></span> <span class='ocrx_word' id='word_1_405' title='bbox 1772 2592 1858 2618; x_wconf 92' lang='lat' dir='ltr'><strong>uno</strong></span> <span class='ocrx_word' id='word_1_406' title='bbox 1892 2581 1956 2618; x_wconf 91' lang='lat' dir='ltr'><strong>vel</strong></span> <span class='ocrx_word' id='word_1_407' title='bbox 1989 2581 2123 2619; x_wconf 87' lang='lat' dir='ltr'><strong>altero</strong></span> <span class='ocrx_word' id='word_1_408' title='bbox 2156 2581 2247 2620; x_wconf 87' lang='lat' dir='ltr'><strong>loco</strong></span> <span class='ocrx_word' id='word_1_409' title='bbox 2280 2585 2529 2632; x_wconf 84' lang='lat' dir='ltr'><strong>appareant,</strong></span> 
     </span>
     <span class='ocr_line' id='line_1_32' title="bbox 79 2651 2532 2707; baseline 0.001 -17"><span class='ocrx_word' id='word_1_410' title='bbox 79 2651 197 2691; x_wconf 89' lang='lat' dir='ltr'><strong>haud</strong></span> <span class='ocrx_word' id='word_1_411' title='bbox 242 2651 367 2707; x_wconf 73' lang='lat' dir='ltr'><strong>facile</strong></span> <span class='ocrx_word' id='word_1_412' title='bbox 413 2654 481 2692; x_wconf 89' lang='lat' dir='ltr'><strong>est</strong></span> <span class='ocrx_word' id='word_1_413' title='bbox 527 2652 580 2691; x_wconf 89' lang='lat' dir='ltr'><strong>de</strong></span> <span class='ocrx_word' id='word_1_414' title='bbox 623 2653 719 2704; x_wconf 82' lang='lat' dir='ltr'><strong>eJ’us</strong></span> <span class='ocrx_word' id='word_1_415' title='bbox 751 2651 1060 2692; x_wconf 82' lang='lat' dir='ltr'><strong>consuetudine</strong></span> <span class='ocrx_word' id='word_1_416' title='bbox 1092 2654 1256 2690; x_wconf 89' lang='lat' dir='ltr'><strong>certum</strong></span> <span class='ocrx_word' id='word_1_417' title='bbox 1289 2652 1521 2702; x_wconf 87' lang='lat' dir='ltr'><strong>quidquam</strong></span> <span class='ocrx_word' id='word_1_418' title='bbox 1553 2654 1753 2691; x_wconf 86' lang='lat' dir='ltr'><strong>statuere.</strong></span> <span class='ocrx_word' id='word_1_419' title='bbox 1818 2652 1902 2690; x_wconf 90' lang='lat' dir='ltr'><strong>Sed</strong></span> <span class='ocrx_word' id='word_1_420' title='bbox 1934 2652 2130 2691; x_wconf 87' lang='lat' dir='ltr'><strong>dativum</strong></span> <span class='ocrx_word' id='word_1_421' title='bbox 2161 2654 2532 2703; x_wconf 75' lang='lat' dir='ltr'><strong>praepositionibus</strong></span> 
     </span>
     <span class='ocr_line' id='line_1_33' title="bbox 78 2704 2534 2776; baseline 0.001 -15"><span class='ocrx_word' id='word_1_422' title='bbox 78 2704 329 2774; x_wconf 60' lang='lat' dir='ltr'><strong>plerumque</strong></span> <span class='ocrx_word' id='word_1_423' title='bbox 375 2724 613 2775; x_wconf 80' lang='lat' dir='ltr'><strong>praetulisse</strong></span> <span class='ocrx_word' id='word_1_424' title='bbox 661 2725 842 2773; x_wconf 88' lang='lat' dir='ltr'><strong>videtur,</strong></span> <span class='ocrx_word' id='word_1_425' title='bbox 891 2725 1070 2775; x_wconf 82' lang='lat' dir='ltr'><strong>ejusque</strong></span> <span class='ocrx_word' id='word_1_426' title='bbox 1116 2735 1241 2762; x_wconf 88' lang='lat' dir='ltr'><strong>casus</strong></span> <span class='ocrx_word' id='word_1_427' title='bbox 1273 2736 1377 2762; x_wconf 91' lang='lat' dir='ltr'><strong>usus</strong></span> <span class='ocrx_word' id='word_1_428' title='bbox 1409 2725 1524 2774; x_wconf 89' lang='lat' dir='ltr'><strong>apud</strong></span> <span class='ocrx_word' id='word_1_429' title='bbox 1556 2736 1651 2762; x_wconf 90' lang='lat' dir='ltr'><strong>eum</strong></span> <span class='ocrx_word' id='word_1_430' title='bbox 1686 2725 1770 2762; x_wconf 86' lang='lat' dir='ltr'><strong>late</strong></span> <span class='ocrx_word' id='word_1_431' title='bbox 1801 2727 1932 2773; x_wconf 86' lang='lat' dir='ltr'><strong>patet.</strong></span> <span class='ocrx_word' id='word_1_432' title='bbox 1998 2725 2077 2762; x_wconf 89' lang='lat' dir='ltr'><strong>His</strong></span> <span class='ocrx_word' id='word_1_433' title='bbox 2109 2726 2264 2771; x_wconf 90' lang='lat' dir='ltr'><strong>verbis,</strong></span> <span class='ocrx_word' id='word_1_434' title='bbox 2298 2737 2393 2775; x_wconf 84' lang='lat' dir='ltr'><strong>quae</strong></span> <span class='ocrx_word' id='word_1_435' title='bbox 2418 2727 2534 2776; x_wconf 87' lang='lat' dir='ltr'><strong>apud</strong></span> 
     </span>
     <span class='ocr_line' id='line_1_34' title="bbox 80 2795 2534 2847; baseline 0.002 -14"><span class='ocrx_word' id='word_1_436' title='bbox 80 2795 221 2845; x_wconf 87' lang='lat' dir='ltr'><strong>epicos</strong></span> <span class='ocrx_word' id='word_1_437' title='bbox 252 2797 448 2847; x_wconf 80' lang='lat' dir='ltr'><strong>eJ‘usdem</strong></span> <span class='ocrx_word' id='word_1_438' title='bbox 480 2797 620 2835; x_wconf 82' lang='lat' dir='ltr'><strong>aetatis</strong></span> <span class='ocrx_word' id='word_1_439' title='bbox 652 2808 750 2835; x_wconf 90' lang='lat' dir='ltr'><strong>cum</strong></span> <span class='ocrx_word' id='word_1_440' title='bbox 781 2797 1151 2847; x_wconf 82' lang='lat' dir='ltr'><strong>praepositionibns</strong></span> <span class='ocrx_word' id='word_1_441' title='bbox 1184 2808 1349 2846; x_wconf 88' lang='lat' dir='ltr'><strong>quoque</strong></span> <span class='ocrx_word' id='word_1_442' title='bbox 1382 2799 1615 2842; x_wconf 85' lang='lat' dir='ltr'><strong>struuntur,</strong></span> <span class='ocrx_word' id='word_1_443' title='bbox 1650 2796 1764 2845; x_wconf 90' lang='lat' dir='ltr'><strong>apud</strong></span> <span class='ocrx_word' id='word_1_444' title='bbox 1795 2799 1990 2834; x_wconf 88' lang='lat' dir='ltr'><strong>nostrum</strong></span> <span class='ocrx_word' id='word_1_445' title='bbox 2023 2797 2196 2836; x_wconf 83' lang='lat' dir='ltr'><strong>dativus</strong></span> <span class='ocrx_word' id='word_1_446' title='bbox 2227 2800 2400 2836; x_wconf 90' lang='lat' dir='ltr'><strong>tautum</strong></span> <span class='ocrx_word' id='word_1_447' title='bbox 2432 2799 2534 2837; x_wconf 91' lang='lat' dir='ltr'><strong>sub-</strong></span> 
     </span>
     <span class='ocr_line' id='line_1_35' title="bbox 79 2867 2537 2920; baseline 0.002 -16"><span class='ocrx_word' id='word_1_448' title='bbox 79 2867 243 2917; x_wconf 83' lang='lat' dir='ltr'><strong>jicitur:</strong></span> <span class='ocrx_word' id='word_1_449' title='bbox 276 2867 433 2916; x_wconf 84' lang='lat' dir='ltr'><strong>addere,</strong></span> <span class='ocrx_word' id='word_1_450' title='bbox 467 2868 686 2918; x_wconf 78' lang='lat' dir='ltr'><strong>admittere,</strong></span> <span class='ocrx_word' id='word_1_451' title='bbox 719 2868 939 2917; x_wconf 79' lang='lat' dir='ltr'><strong>infundere,</strong></span> <span class='ocrx_word' id='word_1_452' title='bbox 971 2868 1185 2919; x_wconf 64' lang='lat' dir='ltr'><strong>insumere,</strong></span> <span class='ocrx_word' id='word_1_453' title='bbox 1218 2868 1397 2907; x_wconf 79' lang='lat' dir='ltr'><strong>inserere.</strong></span> <span class='ocrx_word' id='word_1_454' title='bbox 1462 2868 1591 2917; x_wconf 89' lang='lat' dir='ltr'><strong>Apud</strong></span> <span class='ocrx_word' id='word_1_455' title='bbox 1619 2868 1834 2906; x_wconf 87' lang='lat' dir='ltr'><strong>Lucanum</strong></span> <span class='ocrx_word' id='word_1_456' title='bbox 1870 2868 2065 2908; x_wconf 90' lang='lat' dir='ltr'><strong>dativum</strong></span> <span class='ocrx_word' id='word_1_457' title='bbox 2105 2869 2185 2908; x_wconf 91' lang='lat' dir='ltr'><strong>sibi</strong></span> <span class='ocrx_word' id='word_1_458' title='bbox 2209 2872 2537 2920; x_wconf 88' lang='lat' dir='ltr'><strong>assumpserunt</strong></span> 
     </span>
     <span class='ocr_line' id='line_1_36' title="bbox 80 2938 2537 2993; baseline 0.002 -16"><span class='ocrx_word' id='word_1_459' title='bbox 80 2939 172 2978; x_wconf 77' lang='lat' dir='ltr'><strong>haec</strong></span> <span class='ocrx_word' id='word_1_460' title='bbox 217 2942 360 2987; x_wconf 83' lang='lat' dir='ltr'><strong>verba,</strong></span> <span class='ocrx_word' id='word_1_461' title='bbox 411 2954 505 2991; x_wconf 87' lang='lat' dir='ltr'><strong>quae</strong></span> <span class='ocrx_word' id='word_1_462' title='bbox 536 2942 652 2992; x_wconf 86' lang='lat' dir='ltr'><strong>apud</strong></span> <span class='ocrx_word' id='word_1_463' title='bbox 684 2942 868 2992; x_wconf 87' lang='lat' dir='ltr'><strong>aequales</strong></span> <span class='ocrx_word' id='word_1_464' title='bbox 899 2953 986 2980; x_wconf 89' lang='lat' dir='ltr'><strong>non</strong></span> <span class='ocrx_word' id='word_1_465' title='bbox 1017 2942 1316 2980; x_wconf 85' lang='lat' dir='ltr'><strong>inveniuntur:</strong></span> <span class='ocrx_word' id='word_1_466' title='bbox 1350 2939 1541 2990; x_wconf 77' lang='lat' dir='ltr'><strong>adliyare,</strong></span> <span class='ocrx_word' id='word_1_467' title='bbox 1574 2939 1794 2990; x_wconf 76' lang='lat' dir='ltr'><strong>adquirere,</strong></span> <span class='ocrx_word' id='word_1_468' title='bbox 1827 2939 2062 2991; x_wconf 78' lang='lat' dir='ltr'><strong>adscribere,</strong></span> <span class='ocrx_word' id='word_1_469' title='bbox 2095 2940 2211 2991; x_wconf 83' lang='lat' dir='ltr'><strong>coire,</strong></span> <span class='ocrx_word' id='word_1_470' title='bbox 2244 2938 2334 2992; x_wconf 72' lang='lat' dir='ltr'><strong>(cfr</strong></span> <span class='ocrx_word' id='word_1_471' title='bbox 2364 2940 2537 2993; x_wconf 71' lang='lat' dir='ltr'><strong>Draeqer</strong></span> 
     </span>
     <span class='ocr_line' id='line_1_37' title="bbox 79 3011 2537 3066; baseline 0 -15"><span class='ocrx_word' id='word_1_472' title='bbox 79 3023 119 3060; x_wconf 86' lang='lat' dir='ltr'><strong>p.</strong></span> <span class='ocrx_word' id='word_1_473' title='bbox 150 3011 255 3064; x_wconf 76' lang='lat'>412)</span> <span class='ocrx_word' id='word_1_474' title='bbox 285 3012 472 3063; x_wconf 63' lang='lat' dir='ltr'><strong>subigere,</strong></span> <span class='ocrx_word' id='word_1_475' title='bbox 503 3012 711 3063; x_wconf 72' lang='lat' dir='ltr'><strong>incoquere.</strong></span> <span class='ocrx_word' id='word_1_476' title='bbox 774 3014 854 3052; x_wconf 88' lang='lat' dir='ltr'><strong>His</strong></span> <span class='ocrx_word' id='word_1_477' title='bbox 885 3014 1026 3053; x_wconf 89' lang='lat' dir='ltr'><strong>verbis</strong></span> <span class='ocrx_word' id='word_1_478' title='bbox 1059 3013 1252 3052; x_wconf 90' lang='lat' dir='ltr'><strong>dativum</strong></span> <span class='ocrx_word' id='word_1_479' title='bbox 1285 3015 1429 3051; x_wconf 89' lang='lat' dir='ltr'><strong>noster</strong></span> <span class='ocrx_word' id='word_1_480' title='bbox 1460 3012 1620 3062; x_wconf 89' lang='lat' dir='ltr'><strong>primus</strong></span> <span class='ocrx_word' id='word_1_481' title='bbox 1653 3013 1855 3063; x_wconf 70' lang='lat' dir='ltr'><strong>subiecit:</strong></span> <span class='ocrx_word' id='word_1_482' title='bbox 1888 3011 2050 3052; x_wconf 73' lang='lat' dir='ltr'><strong>Innasci</strong></span> <span class='ocrx_word' id='word_1_483' title='bbox 2081 3011 2150 3066; x_wconf 88' lang='lat' dir='ltr'><strong>(de</strong></span> <span class='ocrx_word' id='word_1_484' title='bbox 2182 3014 2310 3054; x_wconf 87' lang='lat' dir='ltr'><strong>rebus</strong></span> <span class='ocrx_word' id='word_1_485' title='bbox 2334 3013 2537 3065; x_wconf 85' lang='lat' dir='ltr'><strong>externis)</strong></span> 
     </span>
     <span class='ocr_line' id='line_1_38' title="bbox 80 3081 2535 3138; baseline 0.002 -17"><span class='ocrx_word' id='word_1_486' title='bbox 80 3085 124 3121; x_wconf 91' lang='lat' dir='ltr'><strong>et</strong></span> <span class='ocrx_word' id='word_1_487' title='bbox 169 3082 442 3135; x_wconf 59' lang='lat' dir='ltr'><strong>intumuere,</strong></span> <span class='ocrx_word' id='word_1_488' title='bbox 493 3085 606 3135; x_wconf 87' lang='lat' dir='ltr'><strong>quod</strong></span> <span class='ocrx_word' id='word_1_489' title='bbox 655 3082 778 3132; x_wconf 81' lang='grc' dir='ltr'>ἅπαξ</span> <span class='ocrx_word' id='word_1_490' title='bbox 823 3081 1077 3138; x_wconf 76' lang='grc' dir='ltr'>λεγόμενον</span> <span class='ocrx_word' id='word_1_491' title='bbox 1122 3087 1199 3125; x_wconf 77' lang='lat' dir='ltr'><strong>est,</strong></span> <span class='ocrx_word' id='word_1_492' title='bbox 1261 3085 1324 3123; x_wconf 88' lang='lat' dir='ltr'><strong>De</strong></span> <span class='ocrx_word' id='word_1_493' title='bbox 1361 3085 1500 3123; x_wconf 86' lang='lat' dir='ltr'><strong>verbis</strong></span> <span class='ocrx_word' id='word_1_494' title='bbox 1533 3083 1719 3133; x_wconf 83' lang='lat' dir='ltr'><strong>injectare</strong></span> <span class='ocrx_word' id='word_1_495' title='bbox 1749 3087 1793 3123; x_wconf 92' lang='lat' dir='ltr'><strong>et</strong></span> <span class='ocrx_word' id='word_1_496' title='bbox 1823 3084 2020 3125; x_wconf 83' lang='lat' dir='ltr'><strong>inlatrare</strong></span> <span class='ocrx_word' id='word_1_497' title='bbox 2050 3085 2115 3124; x_wconf 77' lang='lat' dir='ltr'><strong>cfr</strong></span> <span class='ocrx_word' id='word_1_498' title='bbox 2145 3085 2250 3126; x_wconf 77' lang='lat' dir='ltr'><strong>Fick</strong></span> <span class='ocrx_word' id='word_1_499' title='bbox 2280 3099 2319 3137; x_wconf 88' lang='lat' dir='ltr'><strong>p.</strong></span> <span class='ocrx_word' id='word_1_500' title='bbox 2355 3087 2409 3128; x_wconf 82' lang='lat'><strong>53</strong></span> <span class='ocrx_word' id='word_1_501' title='bbox 2444 3098 2535 3137; x_wconf 88' lang='lat' dir='ltr'><strong>sqq.</strong></span> 
     </span>
     <span class='ocr_line' id='line_1_39' title="bbox 80 3153 2539 3199; baseline 0.002 -6"><span class='ocrx_word' id='word_1_502' title='bbox 80 3153 151 3195; x_wconf 89' lang='lat' dir='ltr'><strong>Sil.</strong></span> <span class='ocrx_word' id='word_1_503' title='bbox 183 3156 277 3198; x_wconf 75' lang='lat' dir='ltr'><strong>ltal.</strong></span> <span class='ocrx_word' id='word_1_504' title='bbox 326 3158 394 3198; x_wconf 81' lang='lat'><strong>13.</strong></span> <span class='ocrx_word' id='word_1_505' title='bbox 442 3158 528 3199; x_wconf 84' lang='lat'><strong>845</strong></span> <span class='ocrx_word' id='word_1_506' title='bbox 567 3160 611 3197; x_wconf 89' lang='lat' dir='ltr'><strong>et</strong></span> <span class='ocrx_word' id='word_1_507' title='bbox 642 3157 747 3198; x_wconf 91' lang='lat' dir='ltr'><strong>Stat.</strong></span> <span class='ocrx_word' id='word_1_508' title='bbox 779 3157 912 3198; x_wconf 87' lang='lat' dir='ltr'><strong>Theb.</strong></span> <span class='ocrx_word' id='word_1_509' title='bbox 944 3159 982 3199; x_wconf 88' lang='grc'><strong>9.</strong></span> <span class='ocrx_word' id='word_1_510' title='bbox 1018 3158 1102 3199; x_wconf 88' lang='grc'><strong>133</strong></span> <span class='ocrx_word' id='word_1_511' title='bbox 1135 3157 1226 3197; x_wconf 83' lang='lat' dir='ltr'><strong>haec</strong></span> <span class='ocrx_word' id='word_1_512' title='bbox 1256 3157 1386 3196; x_wconf 87' lang='lat' dir='ltr'><strong>verba</strong></span> <span class='ocrx_word' id='word_1_513' title='bbox 1419 3160 1584 3195; x_wconf 86' lang='lat' dir='ltr'><strong>exstare</strong></span> <span class='ocrx_word' id='word_1_514' title='bbox 1617 3155 1722 3196; x_wconf 79' lang='lat' dir='ltr'><strong>Fick</strong></span> <span class='ocrx_word' id='word_1_515' title='bbox 1752 3159 1901 3196; x_wconf 87' lang='lat' dir='ltr'><strong>auctor</strong></span> <span class='ocrx_word' id='word_1_516' title='bbox 1931 3160 2008 3198; x_wconf 86' lang='lat' dir='ltr'><strong>est.</strong></span> <span class='ocrx_word' id='word_1_517' title='bbox 2062 3158 2126 3197; x_wconf 92' lang='lat' dir='ltr'><strong>De</strong></span> <span class='ocrx_word' id='word_1_518' title='bbox 2158 3159 2299 3198; x_wconf 87' lang='lat' dir='ltr'><strong>verbis</strong></span> <span class='ocrx_word' id='word_1_519' title='bbox 2330 3157 2539 3198; x_wconf 75' lang='lat' dir='ltr'><strong>immittere</strong></span> 
     </span>
    </p>
   </div>
   <div class='ocr_carea' id='block_1_4' title="bbox 87 3334 2534 3463">
    <p class='ocr_par' dir='ltr' id='par_1_5' title="bbox 87 3334 2534 3463">
     <span class='ocr_line' id='line_1_40' title="bbox 223 3334 2534 3404; baseline 0 -11"><span class='ocrx_word' id='word_1_520' title='bbox 223 3356 253 3401; x_wconf 86' lang='lat'><strong>¹)</strong></span> <span class='ocrx_word' id='word_1_521' title='bbox 276 3334 341 3394; x_wconf 61' lang='lat' dir='ltr'><strong>Str</strong></span> <span class='ocrx_word' id='word_1_522' title='bbox 365 3357 553 3402; x_wconf 68' lang='lat' dir='ltr'><strong>Peterem,</strong></span> <span class='ocrx_word' id='word_1_523' title='bbox 578 3361 625 3394; x_wconf 85' lang='lat' dir='ltr'><strong>de</strong></span> <span class='ocrx_word' id='word_1_524' title='bbox 650 3360 815 3403; x_wconf 74' lang='lat' dir='ltr'><strong>syntaxi</strong></span> <span class='ocrx_word' id='word_1_525' title='bbox 835 3360 1050 3403; x_wconf 76' lang='lat' dir='ltr'><strong>Vergiliana</strong></span> <span class='ocrx_word' id='word_1_526' title='bbox 1074 3360 1301 3401; x_wconf 74' lang='lat' dir='ltr'><strong>quaestiones</strong></span> <span class='ocrx_word' id='word_1_527' title='bbox 1327 3360 1416 3401; x_wconf 82' lang='lat' dir='ltr'><strong>Ups.</strong></span> <span class='ocrx_word' id='word_1_528' title='bbox 1446 3358 1538 3393; x_wconf 84' lang='lat'>1853</span> <span class='ocrx_word' id='word_1_529' title='bbox 1563 3370 1600 3402; x_wconf 84' lang='lat' dir='ltr'><strong>p.</strong></span> <span class='ocrx_word' id='word_1_530' title='bbox 1618 3358 1677 3394; x_wconf 81' lang='lat'><strong>25.</strong></span> <span class='ocrx_word' id='word_1_531' title='bbox 1699 3362 1892 3404; x_wconf 81' lang='lat' dir='ltr'><strong>Exempla.</strong></span> <span class='ocrx_word' id='word_1_532' title='bbox 1911 3370 1996 3403; x_wconf 77' lang='lat' dir='ltr'><strong>quae</strong></span> <span class='ocrx_word' id='word_1_533' title='bbox 2013 3362 2156 3402; x_wconf 78' lang='lat' dir='ltr'><strong>attulit,</strong></span> <span class='ocrx_word' id='word_1_534' title='bbox 2174 3362 2270 3395; x_wconf 71' lang='lat' dir='ltr'><strong>hanc</strong></span> <span class='ocrx_word' id='word_1_535' title='bbox 2290 3365 2441 3396; x_wconf 79' lang='lat' dir='ltr'><strong>sentent</strong></span> <span class='ocrx_word' id='word_1_536' title='bbox 2451 3362 2534 3395; x_wconf 72' lang='lat' dir='ltr'><strong>inm,</strong></span> 
     </span>
     <span class='ocr_line' id='line_1_41' title="bbox 87 3418 1069 3463; baseline 0.002 -12"><span class='ocrx_word' id='word_1_537' title='bbox 87 3427 199 3459; x_wconf 78' lang='lat' dir='ltr'><strong>qum</strong></span> <span class='ocrx_word' id='word_1_538' title='bbox 224 3419 307 3462; x_wconf 80' lang='lat' dir='ltr'><strong>ipse</strong></span> <span class='ocrx_word' id='word_1_539' title='bbox 331 3418 516 3463; x_wconf 70' lang='lat' dir='ltr'><strong>defendit,</strong></span> <span class='ocrx_word' id='word_1_540' title='bbox 539 3420 759 3454; x_wconf 73' lang='lat' dir='ltr'><strong>confirmare</strong></span> <span class='ocrx_word' id='word_1_541' title='bbox 782 3430 858 3454; x_wconf 86' lang='lat' dir='ltr'><strong>non</strong></span> <span class='ocrx_word' id='word_1_542' title='bbox 883 3420 1069 3453; x_wconf 84' lang='lat' dir='ltr'><strong>videntur.</strong></span> 
     </span>
    </p>
   </div>
  </div>
 </body>
</html>
