2651 3633
2412 105 2439 155 ὅ

39 209 135 279 =mm
179 231 473 281 motabimm.
533 231 665 274 Aliud
709 243 846 284 genus
882 243 935 274 ea
964 233 1168 281 continet,
1203 233 1250 273 in
1280 233 1434 285 quibus
1465 236 1510 273 et
1541 233 1782 286 praepositio
1814 235 1858 272 et
1888 233 2066 281 verbum
2097 233 2375 285 principalem
2405 234 2498 273 vim

40 306 299 359 .59tinuerint
341 306 388 344 et
431 303 708 356 principalem
754 305 1110 357 significationem
1159 305 1401 346 exhibeant.
1465 306 1535 345 Ad
1580 306 1757 345 tertium
1795 317 1895 344 vero
1925 316 2062 356 genus
2093 317 2144 344 ea
2175 305 2422 352 referamus,
2453 306 2506 362 in.

45 379 201 432 quibus
251 371 432 419 verbum
476 377 522 415 et
566 367 814 428 praepositio‘
838 377 901 417 ita
930 378 975 416 in
1007 389 1141 417 unum
1173 377 1420 424 coaluerint,
1458 383 1509 416 ut
1539 378 1764 428 originaria
1798 377 2107 427 significatione
2148 377 2310 416 abolita
2340 388 2498 416 novam

43 446 262 505 quandam
304 447 526 488 induerint
566 448 667 490 vim.
730 448 814 488 Sed
863 449 1164 494 difficillimum
1212 461 1326 501 saepe
1371 452 1439 488 est
1470 450 1721 502 dijudicare,
1755 451 1811 487 ad
1843 450 1957 500 quod
1988 461 2125 500 genus
2156 450 2236 487 boc
2275 450 2344 486 vel
2391 450 2497 486 illud

44 514 221 563 verbum
252 519 524 559 referendum
555 520 622 560 sit.
670 520 781 559 Nam
811 521 873 559 ita
903 523 995 559 arte
1025 521 1137 560 inter
1167 532 1214 559 se
1245 522 1459 560 cohaerent
1489 523 1562 559 illa
1592 533 1760 572 genera,
1790 526 1838 559 ut
1863 523 1978 558 idem
1999 523 2191 570 verbum,
2213 525 2340 571 prout
2361 523 2498 559 variat

47 592 313 646 significatio,
348 591 475 630 modo
508 592 565 630 ad
595 603 745 641 unum,
777 593 905 630 modo
937 593 993 630 ad
1017 593 1135 631 aliud
1164 604 1301 643 genus
1322 594 1595 631 referendum
1628 595 1693 632 sit.

222 665 321 705 Jam
352 675 452 703 vero
483 664 538 703 ad
570 666 849 716 quaestionem
880 666 998 704 illam
1029 668 1312 712 transeamus,
1345 668 1490 704 utrum
1523 678 1549 704 a
1580 667 1877 717 praepositione
1909 678 1965 704 an
1997 678 2023 704 a
2054 665 2364 715 significatione
2395 678 2493 716 pen-

43 711 144 779 deat
189 738 306 777 verbi
352 739 578 776 structura.
644 737 866 786 Quomodo
897 739 1010 776 inter
1041 750 1086 776 se
1119 739 1361 788 discrepent
1392 740 1629 785 sententiae,
1679 751 1785 789 quas
1818 739 1893 776 viri
1928 739 2042 777 docti
2074 738 2127 776 de
2162 739 2239 776 1130
2271 750 2315 777 10
2346 750 2491 788 propo-

42 814 233 859 suerunt,
277 810 514 860 quibusque
544 811 779 850 rationibus
825 822 898 849 eas
943 811 1226 861 probaverint,
1275 812 1328 850 ab
1383 802 1626 861 &sterberqio
1658 813 1895 861 expositum
1928 814 1995 849 est
2026 811 2138 861 (pag
2176 814 2199 850 7
2232 810 2350 860 sqq..)
2405 811 2495 850 Hoc

42 895 174 922 unum
223 883 397 934 addam,
443 894 498 921 ne
556 878 780 922 Haasium¹
824 883 996 933 quidem
1042 895 1190 922 omnes
1238 884 1315 922 has
1362 886 1597 922 structuras
1645 884 1795 922 eadem
1842 884 2005 922 ratione
2056 883 2302 933 explicasse,
2356 895 2493 933 neque

46 955 219 994 omnino
249 954 321 993 ille
352 954 432 993 sibi
465 956 779 993 consentaneus
810 954 945 994 fuisse
970 955 1150 995 videtur.
1213 955 1321 993 Nam
1345 955 1477 994 altero
1498 955 1589 994 loco
1612 955 1786 1005 (Vorles.
1812 968 1838 1005 p
1880 956 1949 1005 73)
1973 955 2162 994 declarat
2183 955 2492 1005 significatione

44 1028 167 1073 effici,
213 1029 262 1064 ut
307 1027 437 1065 verba
484 1027 681 1076 quaedam
721 1028 956 1077 composita
986 1028 1097 1066 hanc
1129 1027 1196 1065 vel
1227 1027 1345 1065 illam
1377 1030 1637 1065 structuram
1669 1028 1914 1066 admittant.
1980 1028 2038 1065 Ut
2070 1027 2174 1065 dicit
2207 1027 2384 1065 verbum
2416 1026 2491 1065 cir·

42 1101 235 1138 cumstare
280 1098 573 1136 accusativum
619 1110 775 1148 regere,
825 1099 925 1148 quia
966 1099 1082 1137 idem
1129 1099 1339 1149 significet
1386 1099 1499 1148 quod
1530 1098 1691 1147 cinqeoe.
1759 1099 1900 1137 Altero
1937 1101 2083 1137 autem
2115 1099 2206 1137 loco
2240 1097 2352 1149 (pag.
2393 1098 2492 1149 130)

47 1169 354 1220 praepositionis
371 1169 413 1207 vi
445 1170 536 1208 fleri
568 1170 642 1218 ait,
665 1172 715 1209 ut
738 1170 866 1209 verba
887 1169 1120 1219 accumbere,
1142 1168 1305 1219 instare,
1328 1169 1411 1209 alia
1447 1170 1561 1220 apud
1583 1170 1742 1220 priscos
1765 1170 1988 1220 scriptores
2010 1169 2304 1209 accusativum
2326 1171 2490 1220 regant.

223 1242 369 1292 Neque
414 1254 460 1281 re
505 1254 607 1281 vera
651 1242 742 1282 fleri
788 1244 942 1293 potest,
991 1244 1040 1282 ut
1083 1245 1159 1282 aut
1189 1242 1485 1294 praepositione
1516 1245 1592 1281 aut
1623 1241 1930 1293 significatione
1962 1254 2110 1281 omnes
2143 1242 2221 1281 has
2254 1244 2490 1281 structuras

43 1315 249 1355 contineri
282 1314 488 1355 dicamus.
551 1314 688 1354 Immo
721 1317 770 1354 ut
804 1306 1010 1365 O'sterberq
1051 1316 1111 1354 sic
1157 1327 1236 1366 ego
1268 1327 1434 1366 quoque
1467 1316 1553 1353 dua
1584 1316 1810 1354 verborum
1843 1327 2000 1366 genera
2031 1326 2124 1353 esse
2159 1318 2275 1365 puto,
2309 1326 2488 1365 quorum

43 1389 88 1427 in
121 1388 254 1427 altero
285 1387 539 1441 praepositio,
571 1388 616 1426 in
648 1388 780 1427 altero
812 1389 877 1427 vis
908 1388 1026 1428 verbi
1057 1388 1113 1427 ad
1146 1390 1404 1427 structuram
1435 1388 1705 1427 formandam
1737 1388 1873 1438 magis
1906 1388 2059 1427 valeat.
2093 1388 2171 1426 Illo
2192 1388 2319 1427 modo
2340 1388 2490 1439 priscis

42 1461 199 1510 linguae
231 1461 496 1510 temporibus
529 1473 619 1499 rem
650 1472 697 1499 se
730 1461 930 1500 habuisse
960 1463 1055 1513 jure
1086 1462 1328 1512 putandum
1359 1464 1439 1500 est.
1503 1462 1613 1498 Nam
1645 1462 1837 1499 nondum
1872 1466 1958 1498 tam
1992 1464 2083 1498 arte
2114 1462 2345 1511 conjuncta
2367 1465 2490 1499 erant

41 1521 218 1572 verbum
266 1535 310 1571 et
340 1534 594 1584 praepositio,
628 1536 678 1572 ut
709 1545 796 1572 11011
827 1534 1049 1584 utriusque
1079 1534 1145 1572 vis
1178 1545 1252 1584 pro
1285 1545 1330 1571 se
1361 1536 1595 1583 appareret.
1661 1533 1743 1571 Sed
1776 1545 1906 1583 quum
1939 1535 2089 1583 postea
2122 1534 2237 1572 verbi
2269 1536 2412 1583 partes
2444 1534 2489 1571 in

43 1616 178 1644 unum
225 1598 552 1652 concrevissent,
601 1608 645 1644 et
690 1606 733 1643 in
782 1607 925 1644 animo
970 1606 1183 1656 loquentis
1215 1616 1289 1655 pro
1321 1615 1405 1642 uno
1437 1615 1548 1642 novo
1580 1606 1708 1642 verbo
1740 1606 2042 1654 acciperentur,
2076 1606 2131 1642 ad
2164 1606 2489 1643 similitudinem

42 1677 220 1715 aliorum
264 1678 492 1716 verborum
538 1678 735 1728 eJ’usdem
783 1678 1105 1727 significationis
1151 1678 1232 1715 hoc
1277 1688 1434 1714 novum
1484 1678 1661 1715 verbum
1695 1680 1906 1714 structum
1939 1681 2017 1714 est.
2081 1678 2140 1714 Ut
2171 1679 2312 1722 verba,
2347 1678 2489 1726 qualia

42 1752 144 1787 sunt
190 1748 339 1788 anteire
384 1752 428 1788 et
473 1748 619 1799 adesse,
667 1749 773 1787 illud
820 1761 918 1787 cum
965 1750 1220 1795 accusativo,
1254 1750 1334 1787 hoc
1365 1761 1462 1786 cum
1495 1749 1640 1786 dativo
1672 1750 1902 1799 conjuncta
1933 1752 2170 1796 occurrunt,
2203 1750 2302 1798 quia
2333 1750 2377 1787 in
2409 1749 2488 1788 11οο

41 1833 148 1870 opem
170 1820 333 1870 fervidi
363 1822 408 1859 in
440 1822 512 1859 1110
542 1821 758 1870 superandi
789 1822 905 1860 notio
936 1823 1061 1860 inest.
1124 1822 1180 1860 Et
1210 1822 1341 1872 huJ'us
1373 1822 1543 1870 generis
1575 1822 1719 1859 omnia
1751 1821 1837 1859 fere
1869 1822 1999 1859 verba
2031 1822 2229 1860 habenda
2255 1824 2368 1868 sunt,
2394 1834 2487 1872 quae

40 1894 155 1944 apud
185 1896 377 1945 posteros
408 1894 633 1945 scriptores
674 1895 952 1944 reperiuntur.
1016 1893 1121 1942 Quae
1167 1895 1381 1933 sententia
1427 1894 1557 1932 etiam
1603 1905 1701 1932 cum
1748 1894 1798 1931 iis
1843 1895 2067 1943 consentit,
2117 1906 2210 1944 quae
2243 1894 2296 1933 de
2327 1895 2488 1944 origine

40 1967 265 2004 verborum
297 1967 625 2016 compositorum
658 1968 773 2016 apud
805 1970 996 2017 posteros
1029 1979 1158 2017 supra
1189 1968 1516 2016 disputavimus.
1570 1966 1885 2015 Significatione
1917 1968 2046 2016 igitur
2078 1968 2227 2005 horum
2261 1968 2487 2005 verborum

41 2041 299 2076 structuram
330 2039 514 2077 maxime
546 2040 752 2077 contineri
782 2040 1022 2088 putandum
1055 2042 1133 2078 est.
1168 2039 1248 2077 Sed
1277 2042 1485 2089 quantum
1507 2041 1747 2089 praepositio
1769 2040 1825 2077 ad
1848 2040 2202 2089 significationem
2224 2041 2482 2078 constituen-

42 2112 142 2149 dam
174 2112 368 2157 valuefit,
402 2112 494 2149 haec
524 2112 608 2149 alia
639 2113 816 2161 quaestio
848 2115 924 2151 est.

220 2184 479 2233 Excipieuda
525 2185 725 2223 videntur
768 2185 909 2232 verba,
958 2185 1100 2234 qualia
1131 2187 1233 2223 suut
1262 2184 1557 2235 supereminere,
1590 2184 1823 2234 antevolare,
1858 2185 1953 2233 alia,
1988 2197 2082 2234 quae
2113 2186 2205 2235 jam
2235 2185 2481 2235 conjuncta,

39 2257 128 2306 jam
176 2256 394 2307 disjuncta
440 2258 648 2307 apparent
689 2268 826 2309 neque
873 2257 917 2294 in
965 2269 1100 2295 unum
1145 2257 1280 2295 coisse
1339 2257 1550 2296 videntur.
1634 2257 1735 2295 Jure
1788 2257 2008 2295 contendit
2064 2249 2271 2307 O'sterbery
2321 2257 2366 2295 in
2420 2257 2486 2296 his

39 2328 165 2378 plane
212 2340 425 2381 apparere,
473 2329 684 2379 quomodo
731 2330 787 2368 ad
836 2332 1095 2369 structuram
1141 2329 1412 2368 formandam
1443 2329 1585 2368 valeat
1616 2330 1868 2380 praepositio.
1933 2328 2017 2368 Sed
2049 2329 2163 2368 haud
2197 2330 2297 2376 seio,
2331 2341 2386 2368 an
2419 2329 2486 2368 his

40 2400 179 2440 verbis
231 2401 447 2452 proprium
496 2401 564 2448 sit,
614 2402 740 2452 quod,
790 2413 814 2441 a
861 2399 997 2452 pectis
1044 2401 1143 2441 ficta
1173 2412 1310 2452 neque
1342 2402 1395 2441 ab
1428 2401 1521 2440 aliis
1553 2404 1769 2452 usurpata,
1804 2401 1941 2439 forma
1972 2404 2017 2440 et
2048 2402 2187 2452 specie
2219 2401 2313 2439 aliis
2347 2401 2486 2440 verbis

41 2471 266 2512 dissimilia
312 2472 473 2512 fuerint
519 2473 572 2512 ob
620 2484 798 2525 eamque
843 2485 931 2513 rem
978 2474 1024 2512 in
1069 2473 1150 2523 his,
1184 2474 1282 2525 quia
1313 2484 1339 2512 a
1369 2474 1584 2512 communi
1617 2474 1924 2512 consuetudine
1956 2471 2095 2511 aliena
2126 2476 2284 2518 essent,
2318 2473 2485 2510 facilius

40 2546 283 2596 apparuerit
332 2547 594 2597 compositio.
659 2546 726 2585 Ita
759 2546 921 2586 factum
953 2549 1032 2597 est,
1066 2550 1115 2586 ut
1145 2547 1386 2598 praepositio
1418 2547 1485 2585 vel
1517 2547 1834 2597 praepositiones
1867 2547 1984 2584 velut
2017 2547 2082 2584 sui
2113 2547 2221 2597 J'uris
2254 2546 2487 2584 evaderent

40 2619 85 2655 et
115 2628 141 2655 a
172 2618 300 2656 verbo
334 2617 501 2657 facilius
534 2621 842 2669 separarentur.
893 2619 959 2657 Sic
990 2620 1035 2656 in
1068 2619 1134 2656 his
1165 2620 1305 2657 verbis
1338 2620 1645 2669 praepositionis
1679 2620 1741 2656 vis
1774 2620 1901 2656 etiam
1935 2620 1978 2655 in
2013 2622 2228 2656 structura
2259 2619 2487 2656 formanda

39 2689 176 2741 major
205 2690 322 2729 facta
352 2692 430 2729 est.

220 3399 232 3424 ¹
260 3400 326 3436 Fr.
353 3401 482 3438 Haase
507 3405 761 3447 Vorlesungen
787 3404 879 3437 iiber
904 3404 969 3436 lat.
996 3402 1407 3445 Sprachwissenschatt.
1434 3401 1587 3445 Leipzig
1613 3400 1718 3436 1880.
