2651 3633
2409 99 2467 140 16

23 212 895 281 msszoenmm
940 219 1636 272 lsswhom‘mmlaboree.
1666 218 2001 268 2)=afferre:
2035 219 2107 260 VI.
2141 221 2241 261 231.
2262 217 2528 260 namna

47 337 52 342 ,
96 286 270 342 unte
278 303 386 347 ευρ.
403 289 475 334 -xz
510 290 596 336 168
622 304 737 335 m
759 293 910 334 mium
938 292 1147 344 (moritu
1175 294 1305 333 vertit
1334 291 1552 344 fluum)
1587 292 1639 332 x,
1674 292 1763 333 270
1790 290 1973 331 notium
1994 290 2165 340 saturis.

71 349 325 427 “Qu
359 366 538 414 verbum
567 365 760 417 oquitur
786 365 832 417 a)
860 365 1052 407 dativus:
1085 365 1140 407 X.
1175 366 1232 406 82
1256 364 1417 414 sormoe.
1450 363 1494 422 b)
1523 363 1738 403 ablativus
1769 363 1843 403 IV.
1876 363 1964 405 406
1994 365 2113 413 qanto.
2143 363 2216 403 IV.
2244 364 2344 405 668
2377 362 2526 403 abore.

72 431 317 491 cohme
364 435 442 479 m
497 437 585 479 564
624 446 822 487 pereum
869 437 988 488 eapte
1031 435 1120 488 (sc.
1154 432 1313 490 navis).
1376 435 1566 474 Haskins
1598 434 1831 474 multorum
1862 434 1986 474 codd.
2020 435 2275 473 auctoritate
2304 436 2525 486 permotus

124 519 319 561 W
347 509 529 560 scripsit.
592 509 652 551 At
683 508 819 548 multo
848 507 1068 548 meliorem
1097 508 1354 550 sententiam
1386 507 1549 558 praebet
1580 508 1787 558 scriptura
1820 506 1953 554 Hosii,
1987 518 2082 557 quae
2121 504 2225 546 Cod.
2263 506 2308 545 M
2337 507 2527 547 debetur.

71 578 376 627 conmittere
421 582 601 623 verbum
646 581 761 633 apud
793 580 1013 622 Lucanum
1043 590 1159 634 saepe
1189 580 1418 621 invenitur.
1483 579 1704 632 Significat
1735 579 1920 628 credere,
1953 579 2125 619 tradere
2155 579 2258 630 alqd
2287 579 2382 620 alei.
2446 579 2525 618 His

130 654 234 710 locis
264 657 500 708 comparet:
541 654 616 694 m.
651 655 734 696 199
781 653 876 694 Nilo
903 665 1007 695 aves.
1040 653 1104 692 m
1151 656 1237 695 517
1269 665 1377 694 omne
1405 664 1517 693 suum
1546 653 1666 693 robur
1687 652 1807 702 satis.
1840 652 1916 694 III.
1953 653 2040 693 328
2072 664 2190 691 arma
2219 651 2303 691 illis
2332 652 2405 692 IV.
2439 654 2527 694 260

130 726 289 778 agintina
328 726 484 768 castris.
517 727 596 782 JV.
632 729 731 768 722.
763 726 840 766 sibi
869 726 959 767 belli
988 726 1195 766 simulator
1225 726 1429 766 commisst.
1464 727 1535 765 IV.
1570 728 1654 767 '743
1687 726 1809 765 aciem
1834 725 1988 775 patulis
2018 724 2141 765 arvis.
2176 725 2225 766 V.
2263 727 2346 766 138
2378 738 2528 765 arcana

129 797 248 840 vobis.
307 797 372 838 De
418 799 499 838 hoc
543 799 648 846 loco,
682 810 810 850 quem
855 799 978 838 codd.
1011 798 1120 838 alius
1152 799 1275 837 aliter
1305 798 1523 849 exhibent)
1557 798 1621 837 cfr
1653 798 1855 837 Haskins.
1921 796 2121 836 Ceterum
2154 797 2304 836 decem
2334 798 2529 848 exempla

129 871 327 922 ejusdem
366 871 535 920 generis
566 873 752 920 exstant,
784 882 878 922 quae
909 882 1158 910 enumerare
1190 883 1554 922 supervacaneum
1586 872 1736 912 habeo.
1799 871 1896 909 Alia
1928 870 2242 920 significatione
2277 873 2527 921 usurpatum

128 944 307 994 apparet
350 942 418 982 his
463 942 578 990 locis,
625 943 699 982 ubi
744 941 915 992 incipere
960 942 1435 1019 significat.111.395
1468 942 1552 982 hoec
1575 942 1743 992 proelia.
1779 942 1871 980 VH
1904 943 1992 982 472
2024 941 2263 981 committere
2293 941 2443 981 bellum.
2476 941 2527 981 In

127 1014 370 1066 proepositio
401 1014 594 1066 sequitur
623 1014 695 1055 IX.
728 1016 814 1057 372
848 1025 984 1066 aymeu
1013 1013 1056 1054 in
1085 1016 1225 1065 gentes

67 1083 353 1129 eonneetere
384 1086 433 1126 V.
467 1087 523 1128 96
556 1097 654 1138 pars
685 1097 875 1126 connexa
907 1087 1086 1125 tonanti.
1119 1087 1193 1125 IX.
1228 1089 1253 1126 5
1287 1087 1438 1125 axibus
1472 1098 1557 1125 aer.

66 1165 355 1213 componere
402 1157 443 1210 a)
489 1169 576 1198 cum
621 1159 881 1210 praepositio:
928 1158 1003 1204 111,
1055 1160 1140 1198 196
1188 1159 1295 1208 Arqo
1340 1169 1426 1196 cum
1463 1157 1587 1196 ventis
1619 1159 1823 1208 pelayique
1856 1181 1910 1186 -—
1944 1158 2060 1197 undis
2091 1158 2256 1197 mortale
2284 1169 2402 1206 oenus
2431 1158 2458 1197 i.
2492 1170 2526 1196 e.

126 1230 360 1281 navigandi
406 1231 578 1269 initium
600 1260 603 1261 ν
624 1230 739 1270 fecit.
783 1230 824 1281 b)
857 1231 967 1270 dat:
999 1247 1060 1263 =
1089 1233 1249 1281 aptare,
1283 1223 1605 1268 accommodare
1637 1231 1711 1269 III.
1748 1233 1832 1271 596
1866 1231 2034 1270 carbasa
2065 1230 2203 1271 ventis.
2238 1230 2314 1269 III.
2351 1232 2436 1270 717
2468 1242 2528 1270 me

127 1300 326 1342 mittendi-3
355 1301 455 1342 telis.
518 1302 582 1341 De
614 1302 759 1341 dativo
790 1300 987 1342 mittendis
1018 1303 1082 1341 cfr
1113 1303 1309 1341 Schmalz
1340 1314 1439 1352 pag.
1473 1303 1573 1342 425.
2529 1295 2545 1306 ”

66 1382 321 1417 conserere
350 1374 405 1413 11.
439 1357 531 1414 442'
558 1377 733 1413 conserta
750 1375 865 1413 ,bena
896 1375 1021 1414 bellis.

66 1442 348 1500 contingere
379 1444 419 1495 a)
450 1446 662 1497 personali
693 1449 907 1485 structura
938 1448 1144 1497 positum:
1184 1447 1274 1487 VII.
1312 1449 1396 1487 727
1430 1446 1502 1486 tibi
1532 1458 1627 1486 vera
1650 1445 1765 1495 fides.
1799 1447 1870 1484 IX.
1905 1448 1960 1486 65
1987 1445 2094 1496 ‘iynis
2127 1444 2323 1496 Pompejo.
2357 1446 2407 1486 X.
2441 1447 2527 1487 284

125 1517 254 1569 alonia
299 1518 414 1569 qenti.
480 1518 671 1557 Medium
719 1519 937 1570 quoddam
976 1520 1088 1558 inter
1118 1519 1383 1569 personalem
1416 1522 1461 1558 et
1490 1519 1819 1570 impersonalem
1851 1522 2110 1557 structuram
2142 1520 2324 1558 occurrit
2355 1519 2407 1557 V.
2441 1521 2526 1560 529

129 1589 276 1642 Quibus
311 1590 380 1630 hoc
409 1590 624 1642 continqere
653 1591 807 1640 templis
838 1613 895 1619 —
920 1591 1052 1641 potuit
1087 1613 1140 1620 -
1171 1591 1277 1630 nullo
1308 1591 1509 1640 trepidare
1538 1591 1729 1630 tumultu?
1777 1592 1883 1629 Nam
1918 1592 2169 1641 pronomine
2190 1591 2271 1639 hoc,
2294 1592 2407 1641 quod
2430 1592 2526 1630 sub-

124 1664 228 1715 jecti
272 1663 363 1702 loco
394 1664 584 1714 positum
615 1667 694 1714 est,
726 1664 783 1702 ad
813 1664 1080 1702 infinitivum
1111 1663 1313 1713 trepidare
1343 1665 1465 1714 quasi
1497 1664 1841 1714 protendendum
1874 1664 2000 1703 valet.
2066 1663 2227 1703 Eodem
2267 1663 2357 1703 fere
2397 1663 2525 1703 modo

126 1735 201 1773 111.
249 1736 336 1776 388
378 1735 447 1774 hoc
489 1735 778 1774 memorandum
815 1735 974 1785 contigit
1012 1736 1113 1780 urbi,
1146 1735 1248 1785 quod
1286 1758 1334 1763 —-
1364 1748 1520 1774 cursum
1553 1759 1609 1764 —
1641 1735 1774 1780 tenuit,
1808 1737 1880 1774 ubi
1912 1735 1980 1775 hoc
2010 1736 2066 1774 ad
2098 1736 2380 1782 enuntiatum,
2413 1736 2526 1786 quod

127 1807 332 1857 sequitur,
366 1809 545 1858 spectat.
580 1808 624 1860 b)
653 1808 995 1858 impersonaliter
1027 1810 1238 1847 structum
1276 1810 1481 1858 sequente
1513 1808 1725 1846 infinitivo
1757 1810 1899 1846 exstat
1931 1807 2002 1846 VI.
2040 1809 2138 1848 779.
2176 1807 2288 1846 VIII.
2321 1808 2421 1847 844.

67 1876 283 1921 Ineldere
314 1881 493 1919 verbum
525 1880 696 1919 dativus
728 1880 922 1930 sequitur
951 1880 1023 1920 IX.
1060 1881 1147 1921 330
1179 1891 1267 1929 quce
1307 1879 1483 1928 (classis)
1511 1879 1712 1928 fluctibus.

67 1948 335 1993 inerescere
364 1951 398 1989 I.
433 1952 519 1991 627
552 1950 682 2001 capiti·
697 1950 898 2000 fibrarum
930 1951 1064 1991 molem
1094 1951 1258 1990 alterius
1288 1950 1431 2000 capitis
1463 1952 1515 1990 ΙΙ.
1551 1953 1636 1992 376
1670 1952 1833 1990 barbam
1863 1952 1980 2002 qenis.

67 2019 326 2077 ineoqnere
356 2022 428 2066 IX.
462 2024 548 2064 699
580 2034 689 2062 rores
718 2022 890 2063 hau-eme.

68 2092 319 2137 includere
351 2096 541 2145 verbum,
576 2096 690 2146 quod
721 2096 836 2146 apud
867 2096 972 2135 alios
1003 2098 1152 2146 poetas
1183 2095 1380 2147 eJ‘usdem
1412 2096 1551 2134 aetatis
1583 2096 1819 2134 ablativum
1851 2096 1931 2135 sibi
1963 2096 2158 2143 assumit,
2192 2096 2306 2146 apud
2331 2099 2525 2135 nostrum

127 2179 225 2206 cum
259 2168 556 2219 praepositione
585 2167 628 2206 in
659 2170 869 2207 structum
901 2170 1117 2218 comparet
1147 2167 1237 2219 (Cir
1267 2168 1439 2216 Draeger
1471 2180 1508 2218 p.
1543 2166 1644 2217 551)
1676 2168 1744 2205 VI.
1781 2169 1865 2208 253
1899 2179 2034 2206 numen
2066 2167 2108 2206 in
2132 2170 2288 2217 pectore
2321 2167 2522 2207 inclusum.

67 2236 222 2282 Inesse
267 2239 309 2292 a)
357 2241 410 2280 de
448 2241 539 2280 loco
570 2241 729 2291 aliquo:
761 2240 834 2281 IV.
870 2241 967 2282 644.
1000 2239 1120 2280 terris
1149 2239 1327 2291 spiritus.
1362 2237 1488 2294 1))Ξ
1518 2240 1597 2279 alci
1630 2252 1723 2279 esse
1755 2240 1829 2280 III.
1864 2241 1952 2280 464
1975 2239 2093 2289 ferro
2127 2239 2195 2280 vis.
2229 2241 2279 2280 V.
2317 2242 2372 2281 18
2403 2240 2525 2280 robur

127 2312 283 2354 animis.
316 2313 391 2354 ΙΙΙ.
426 2315 509 2354 411
547 2313 756 2353 arboribus
786 2313 940 2354 horror.

67 2381 252 2427 inferre
282 2386 461 2425 verbum
493 2397 661 2436 semper
692 2387 883 2436 sequitur
914 2386 1086 2425 dativus
1118 2385 1138 2423 I
1165 2387 1261 2427 161.
1295 2396 1384 2435 opes
1416 2385 1556 2425 natando
1586 2385 1741 2425 subacto
1763 2386 1834 2425 IV.
1862 2387 1947 2426 164
1960 2385 2111 2434 faciem
2133 2385 2335 2435 vultusque
2355 2386 2524 2425 minaces
2591 2422 2603 2426 -

120 2469 280 2507 puqnoe.
328 2457 377 2496 V.
425 2459 525 2499 801.
561 2456 788 2510 (Cornelia)
824 2457 977 2497 carinoe
1011 2457 1137 2497 illata.
1170 2458 1243 2498 VI.
1282 2459 1368 2499 760
1400 2454 1623 2512 (mortuus)
1654 2457 1790 2497 illatus
1821 2458 1961 2497 mundo
1994 2459 2031 2496 A
2076 2457 2162 2498 luci.
2196 2458 2269 2496 IX.
2309 2459 2392 2498 178
2425 2458 2524 2497 vela·

125 2527 233 2569 ma'na
263 2527 358 2580 iqui.
392 2529 453 2568 IX
487 2530 572 2571 198
597 2528 722 2579 plura
752 2528 911 2569 retentis
940 2528 1085 2579 opibus.
1117 2529 1169 2569 X.
1208 2531 1260 2569 12
1284 2529 1386 2579 jura
1415 2528 1497 2568 suis
1527 2528 1599 2578 (sc
1633 2530 1827 2582 J’uribus).
1860 2530 1912 2568 X.
1948 2531 2003 2569 58
2035 2541 2075 2568 se
2106 2530 2227 2568 tectis.

66 2587 288 2644 infodere
334 2601 405 2641 VI.
456 2602 543 2643 530
590 2600 744 2641 animas
790 2600 910 2641 busto.
975 2601 1130 2640 Utrum
1170 2602 1342 2640 dativus
1373 2613 1427 2640 an
1462 2602 1674 2640 ablativus
1706 2603 1774 2649 sit,
1808 2613 1892 2640 non
1925 2602 2077 2640 elucet.
2112 2601 2187 2640 Cir
2218 2593 2451 2652 Osterberg
2481 2614 2522 2652 p.

128 2673 199 2714 85.
233 2674 394 2724 Aperta
426 2673 560 2713 dativi
591 2673 729 2713 forma
759 2674 873 2724 apud
906 2674 1140 2724 Vergilium
1172 2685 1338 2724 quoque
1369 2676 1510 2712 exstat
1539 2674 1644 2712 Aen.
1678 2673 1751 2712 XI.
1786 2676 1870 2715 205
1904 2676 2026 2713 terroe
2051 2686 2229 2723 corporma

68 2741 327 2788 infundere
379 2747 507 2786 verbo
559 2746 731 2785 dativus
783 2746 1008 2798 subjicitur
1053 2745 1126 2786 IV.
1177 2747 1263 2787 568
1310 2746 1472 2785 multum
1518 2757 1691 2785 cruorem
1736 2745 1853 2785 mari.
1890 2744 2052 2785 Gru-ovis
2100 2745 2215 2785 VGB
2246 2750 2292 2785 et
2322 2746 2525 2785 Haskins.

127 2829 264 2858 cruore
307 2820 367 2858 ut.
415 2818 487 2858 IV.
523 2820 608 2859 616
640 2817 822 2857 membris
853 2818 1031 2857 harenas.
1064 2818 1136 2857 VI.
1173 2819 1257 2859 568
1288 2818 1427 2868 yelidis
1458 2830 1662 2857 murmura
1694 2818 1818 2857 labris
1850 2817 2086 2868 (cadaveris
2130 2815 2328 2872 Erichto).
2364 2819 2435 2858 IX.
2470 2820 2526 2859 59

125 2889 348 2930 vulneribus
384 2890 518 2939 fletus.
565 2891 616 2928 X.
667 2892 764 2931 155.
810 2890 861 2929 Iu
898 2890 1114 2930 codicibus
1145 2891 1301 2941 legitur
1331 2889 1513 2939 infudere
1542 2889 1675 2940 epulas
1706 2902 1814 2930 auro.
1878 2890 2037 2929 Hosius
2070 2892 2257 2943 conjecit
2286 2890 2521 2931 instruxere.

126 2963 274 3014 Neque
319 2963 445 3003 facile
490 2963 753 3014 intelligitur.
801 2963 1013 3015 quomodo
1049 2963 1183 3014 epulae
1227 2962 1399 3003 infundi
1446 2963 1526 3002 dici
1575 2963 1750 3014 possint.
1820 2963 2024 3014 Equidem
2056 2966 2160 3015 puto
2205 2963 2430 3004 instmaeere
2459 2964 2528 3002 vel

100 3034 351 3085 imposuere.
383 3036 435 3074 X.
471 3037 567 3077 166.
601 3035 764 3075 multum
794 3047 926 3076 comoe.
991 3034 1043 3075 In
1072 3036 1311 3086 praepositio
1343 3036 1534 3085 sequitur
1565 3036 1637 3075 IV.
1672 3037 1756 3075 323
1791 3036 1834 3075 in
1859 3036 2007 3084 fluvios
2037 3036 2198 3077 saniem.

67 3103 288 3160 ingerere
333 3107 544 3147 translata
590 3108 899 3158 significatione
945 3110 1175 3158 usurpatur
1205 3108 1258 3148 II.
1305 3109 1390 3149 263
1428 3119 1469 3147 se
1499 3107 1588 3147 belli
1610 3107 1778 3155 fortuna
1809 3107 1883 3147 tibi
1915 3108 2060 3159 ingeret
2091 3110 2117 3149 i.
2150 3121 2184 3151 e.
2219 3121 2259 3150 e.
2295 3112 2370 3149 tua
2401 3117 2529 3160 opera

87 3207 90 3214 .
128 3182 173 3219 et
218 3180 440 3220 voluntate
470 3181 687 3231 pendebit,
732 3180 870 3231 qualis
901 3180 1000 3220 belli
1031 3182 1211 3220 eventus
1242 3180 1330 3220 fiat.
1371 3203 1430 3208 —-
1460 3180 1509 3219 V.
1545 3181 1629 3221 165
1662 3179 1762 3230 quod
1791 3179 1959 3231 spiritus
1989 3180 2085 3221 vati.
2120 3181 2214 3222 VH.
2252 3183 2349 3224 799.
2381 3182 2527 3222 nocenti

129 3250 362 3292 Emathiam
405 3251 518 3301 coelo,
564 3252 588 3293 i.
621 3264 655 3292 e.
688 3252 805 3292 coelo
849 3253 1025 3303 deisque
1070 3252 1296 3292 incusandi
1327 3263 1454 3291 causa
1487 3252 1727 3292 ostendere.
1792 3253 1930 3292 Bothe
1962 3255 2144 3293 correxit
2175 3257 2379 3294 nocentem.
2442 3255 2526 3292 Sed

128 3325 258 3363 antea
301 3321 356 3375 (V.
393 3323 494 3376 796)
527 3322 680 3372 Oaesar,
713 3324 879 3363 cladem
912 3324 1076 3373 videns,
1110 3324 1287 3362 deorum
1319 3335 1490 3374 operam
1523 3335 1753 3373 agnoscere
1786 3327 1996 3365 narratur.
2030 3326 2252 3365 Sententia
2284 3327 2415 3377 huJ‘us
2446 3327 2525 3364 loci

127 3395 216 3434 haec
229 3398 312 3435 est:
336 3395 381 3434 Si
403 3396 580 3435 deorum
601 3408 729 3447 opera
750 3397 840 3436 haec
861 3397 1023 3445 flerent,
1048 3396 1149 3435 deos
1172 3398 1375 3434 nocentes
1391 3397 1416 3433 i.
1435 3407 1470 3434 e.
1493 3396 1721 3434 sceleratos
1744 3397 1850 3436 fore.
1877 3398 1991 3436 VIII.
2017 3399 2103 3438 433
2128 3398 2201 3437 tibi
2223 3409 2340 3437 voces.
2358 3398 2438 3436 Hic
2454 3409 2523 3436 an-

129 3468 369 3506 notandum
390 3470 495 3518 puto
526 3468 768 3507 Bentleium
799 3469 870 3509 IV.
905 3468 991 3509 644
1012 3479 1087 3518 pro
1104 3466 1274 3518 eqeritur
1295 3463 1368 3522 (sc.
1392 3479 1416 3506 e
1436 3468 1565 3520 terra)
1586 3467 1628 3508 in
1645 3468 1775 3517 sessos
1792 3469 1959 3519 spiritus
1975 3472 2088 3509 artus
2103 3469 2273 3522 (Antaei)
2288 3470 2520 3521 conjecisse
