2651 3633
251 193 302 231 In
335 192 416 231 hoc
448 192 591 232 libello
623 191 931 231 conscribendo
962 190 1041 230 hos
1072 191 1310 242 praesertim
1341 191 1471 232 libros
1502 191 1607 231 adii:

249 265 306 304 M.
342 265 494 303 Annaei
526 264 687 303 Lucani
719 264 782 303 De
814 264 926 303 beno
958 263 1071 302 civili
1104 264 1199 303 iibri
1231 263 1284 302 x.
1318 244 1384 304 esi.
1417 263 1595 303 Carolus
1625 262 1798 303 Hosius.
1831 263 1984 315 Lipsiae
2019 263 2148 305 1892.

249 336 306 375 M.
341 336 493 374 Annaei
527 335 686 375 Lucani
719 334 941 374 Pharsalia
972 335 1040 375 ed.
1075 334 1120 374 C.
1157 335 1202 375 E.
1238 335 1442 375 Haskins.
1477 335 1654 374 London
1689 331 1849 376 1887.¹

249 407 288 448 J.
323 406 580 454 Obermeier,
613 406 698 447 Der
730 406 1107 458 Sprachgebrauch
1142 407 1217 447 des
1249 407 1304 448 M.
1338 408 1528 447 Annaeus
1561 407 1770 447 Lucanus.
1805 407 1837 447 Ι.
1869 407 2083 446 Monachii
2118 408 2245 448 1886.
2499 449 2501 451 ,

249 479 293 520 Ρ.
342 479 382 520 J.
432 469 675 531 Osterberg,
723 478 787 517 De
819 481 1037 518 structura
1069 480 1294 519 verborum
1326 490 1422 518 cum
1457 479 1829 530 praepositionibus
1860 479 2204 529 compositorum,
2236 490 2332 529 quae
2362 481 2538 521 exstant

67 551 183 601 apud
216 551 434 590 Valerium
468 551 680 599 Flaccum,
714 550 759 590 P.
788 551 1015 601 Papinium
1048 552 1245 597 Statium,
1279 551 1334 589 M.
1357 551 1573 589 Valerium
1596 551 1847 590 Martialem.
1883 551 2065 589 Holmiae
2091 552 2218 591 1883.
2251 541 2533 602 (Osterberg).

251 624 295 663 P.
345 624 384 662 J.
435 614 679 673 Osterberg,
714 624 777 662 De
810 626 1026 662 structura
1059 625 1284 662 verborum
1317 635 1415 662 cum
1448 635 1574 674 praep.
1607 635 1809 674 compos„
1843 635 1938 674 quae
1971 625 2145 662 exstant
2168 623 2282 673 apud
2316 622 2388 662 Sil.
2422 622 2551 667 Itali-.

68 707 180 736 cum.
217 697 433 747 Goteborg
467 697 594 737 1894.

251 769 462 807 Praeterea
494 769 611 807 libris
644 770 936 818 grammaticis
970 770 1198 815 Kuehneri,
1233 770 1432 818 Draegeri,
1466 769 1693 807 Schmalzii
1726 781 1830 806 usus
1864 781 1973 806 sum.

252 841 498 879 Ceterorum
546 842 751 879 librorum
800 844 843 878 et
891 843 1317 887 commentationum,
1367 853 1472 890 quos
1520 842 1706 887 laudavi,
1753 841 2051 890 inscriptiones
2084 852 2161 879 suo
2194 850 2409 890 quamque
2441 839 2533 879 loco

70 913 260 951 afferam.
303 913 351 950 In
385 913 506 951 codd.
542 914 844 963 manuscriptis
876 914 1106 951 laudandis
1138 913 1291 950 iisdem
1324 912 1456 962 siglis,
1493 925 1587 962 quae
1619 915 1791 951 exstant
1824 913 1867 951 in
1900 912 2087 951 editione
2119 911 2252 963 Hosii‚
2285 922 2389 950 usus
2423 922 2534 951 sum.

253 1080 507 1130 Priusquam
555 1080 610 1118 ad
659 1080 828 1131 singula
875 1081 1005 1119 verba
1055 1080 1280 1117 tractanda
1312 1083 1495 1125 transeo,
1528 1083 1678 1130 aptum
1711 1081 1881 1118 videtur
1912 1081 2058 1130 paucis
2090 1080 2312 1129 explicare,
2347 1080 2450 1129 quid
2482 1080 2536 1117 de

70 1151 232 1202 origine
281 1154 605 1200 structurarum,
642 1163 748 1202 quas
781 1152 1019 1190 admittunt
1055 1153 1181 1190 verba
1213 1163 1310 1189 cum
1344 1154 1715 1202 praepositionibus
1748 1154 1996 1202 composita,
2029 1153 2203 1189 omnino
2235 1152 2432 1189 sentiam.
2479 1152 2537 1188 At

70 1223 139 1261 hic
186 1225 451 1262 monendum
499 1227 578 1270 est,
629 1236 762 1273 quum
810 1225 921 1262 hanc
968 1236 1058 1262 rem
1106 1225 1398 1274 copiosissime
1445 1225 1729 1263 tractaverint
1780 1216 1998 1274 Osterbery,
2047 1224 2132 1272 alii,
2181 1235 2267 1262 non
2299 1224 2436 1262 multa
2467 1235 2536 1262 me

70 1295 240 1345 habere,
276 1308 369 1345 quae
403 1296 561 1334 addere
594 1297 818 1346 potuerim.

253 1369 377 1416 Quod
410 1370 466 1407 ad
498 1370 705 1419 originem
742 1370 964 1408 verborum
997 1371 1329 1419 compositorum
1363 1370 1532 1420 attinet,
1565 1369 1676 1408 inter
1708 1381 1858 1408 omnes
1889 1370 2072 1418 constat,
2105 1368 2186 1409 hoc
2217 1367 2306 1408 fere
2337 1367 2464 1408 modo
2485 1379 2537 1407 ea

71 1443 164 1478 orta
196 1453 302 1479 esse.
367 1441 495 1479 Initio
527 1453 613 1479 non
647 1444 769 1479 erant
802 1442 931 1480 verba
962 1442 1209 1492 composita.
1278 1441 1401 1489 Quod
1435 1453 1567 1491 quum
1599 1453 1650 1480 ex
1682 1442 1776 1480 aliis
1809 1444 1903 1480 tum
1935 1452 1986 1479 ex
2019 1441 2098 1480 hoc
2129 1444 2316 1491 apparet,
2349 1441 2463 1492 quod
2490 1440 2536 1481 in

71 1512 229 1561 linguae
261 1514 569 1550 vetustissimis
604 1515 894 1552 monumentis
927 1517 1070 1563 partes
1103 1515 1298 1553 vocabuli
1331 1515 1555 1563 compositi
1589 1515 1808 1564 disjuncta
1839 1526 1951 1564 saepe
1971 1514 2262 1552 inveniuntur.
2296 1513 2380 1552 Sed
2403 1524 2536 1564 quum

71 1587 232 1622 certam
280 1586 627 1634 praepositionem
675 1599 773 1624 cum
822 1588 936 1624 certo
976 1587 1104 1625 verbo
1153 1598 1265 1636 saepe
1314 1586 1652 1636 conjunxissent,
1687 1585 1766 1624 hac
1798 1585 2109 1624 consuetudine
2142 1584 2344 1625 effectum
2375 1585 2455 1633 est,
2487 1585 2537 1623 ut

71 1657 251 1694 verbum
283 1660 327 1695 et
358 1658 602 1707 praepositio
635 1657 678 1695 in
711 1658 855 1696 animo
878 1658 1091 1707 loquentis
1113 1658 1157 1695 in
1181 1670 1315 1696 unum
1337 1658 1803 1707 comprehenderentur
1825 1660 1869 1696 et
1891 1658 2122 1709 conJ'uncta
2145 1657 2535 1707 pronuntiarentur»

71 1729 143 1767 ubi
193 1731 373 1767 accentu
412 1732 580 1768 mutato
613 1729 796 1768 alterum
829 1729 1084 1769 vocabulum
1118 1730 1308 1768 vocalem
1343 1741 1455 1780 saepe
1487 1724 1811 1769 commutaret.²
1844 1729 1935 1768 Hoc
1967 1729 2094 1767 modo
2126 1740 2286 1767 novum
2318 1728 2535 1779 quoddam

70 1801 250 1840 verbum
283 1814 327 1840 re
359 1813 461 1840 vera
492 1802 641 1840 fictum
675 1804 752 1849 est,
788 1814 870 1852 quo
903 1813 1015 1841 nova
1047 1803 1164 1841 notio
1197 1802 1513 1853 exprimeretur.
1547 1802 1606 1840 At
1637 1803 1834 1852 apertum
1867 1803 1946 1849 est,
1979 1804 2123 1852 partes
2155 1801 2275 1840 verbi
2311 1799 2534 1851 compositi

70 1874 193 1912 initio
240 1874 362 1913 velut
407 1875 473 1912 sui
520 1876 629 1925 J'uris
677 1875 811 1913 fuisse
859 1887 997 1925 neque
1030 1887 1202 1925 prorsus
1235 1875 1279 1912 in
1312 1887 1448 1913 unum
1480 1875 1690 1913 coaluisse
1721 1875 1775 1913 ob
1823 1885 2005 1925 eamque
2052 1886 2141 1912 rem
2190 1885 2312 1912 suam
2361 1884 2536 1924 quaeque

72 1946 430 1995 significationem
463 1959 549 1986 non
582 1947 792 1987 amisisse.
858 1946 993 1998 Cujus
1026 1948 1085 1985 rei
1118 1948 1376 1985 documento
1409 1949 1487 1993 est,
1520 1946 1633 1997 quod
1667 1958 1779 1997 saepe
1812 1946 2034 1998 disjuncta
2065 1946 2348 1985 occurrebant
2377 1946 2534 1996 pr'aepo-

72 2019 170 2058 sitio
218 2022 262 2058 et
309 2020 500 2060 verbum.
566 2019 650 2059 Sed
683 2020 843 2059 sensim
891 2021 933 2059 in
969 2032 1101 2059 unum
1136 2020 1273 2070 magis
1306 2020 1527 2070 magisque
1560 2019 1822 2067 coaluerunt,
1857 2030 2075 2071 novasque
2108 2019 2443 2070 significationes
2475 2018 2533 2056 in-

72 2091 168 2131 duit
203 2092 394 2138 verbum,
428 2093 502 2131 ubi
536 2093 638 2143 quid
671 2094 724 2132 ab
757 2093 918 2143 origine
951 2093 1129 2131 verbum
1162 2095 1205 2131 et
1237 2093 1478 2142 praepositio
1511 2092 1836 2142 significassent,
1871 2093 1940 2129 vix
1972 2093 2183 2142 apparuit.

253 2164 338 2202 Sed
370 2176 473 2203 cave
506 2165 656 2203 credas
689 2166 833 2203 omnia
865 2167 994 2204 verba
1026 2177 1123 2203 cum
1157 2166 1453 2215 praepositione
1486 2166 1721 2214 composita
1753 2165 1832 2202 hoc
1865 2166 1991 2202 modo
2023 2168 2114 2203 orta
2137 2176 2244 2203 esse.
2269 2165 2378 2202 Nam
2402 2176 2534 2214 quum

71 2238 211 2288 maJ'or
242 2237 469 2276 verborum
503 2238 835 2287 compositorum
868 2238 1101 2275 multitudo
1132 2239 1223 2288 Jam
1256 2240 1350 2275 orta
1381 2240 1509 2285 esset,
1544 2239 1699 2274 natura
1730 2237 1824 2287 ipsa
1855 2238 2058 2275 effectum
2090 2239 2167 2282 est,
2201 2239 2249 2274 ut
2271 2248 2383 2274 nova
2404 2237 2535 2275 verba

71 2310 203 2359 hujus
235 2311 404 2359 generis
437 2311 493 2346 ad
526 2310 855 2347 similitudinem
887 2311 1088 2359 priorum,
1122 2310 1165 2346 id
1199 2313 1265 2347 est
1296 2321 1370 2359 per
1391 2310 1645 2358 analogiam,
1670 2310 1948 2358 fingerentur.
1990 2309 2093 2347 Haec
2114 2310 2244 2358 igitur
2265 2310 2396 2348 verba
2417 2309 2534 2347 velut

72 2383 220 2418 statim
253 2382 444 2430 perfecta
476 2385 766 2430 provenerunt
787 2394 926 2430 neque
960 2386 1007 2419 ut
1039 2383 1111 2418 illa
1133 2383 1177 2418 in
1200 2382 1340 2419 locum
1364 2382 1479 2419 verbi
1504 2381 1708 2430 simplicis
1729 2381 2028 2430 praepositione
2051 2381 2199 2419 addita
2221 2382 2531 2420 successerunt.

75 2455 134 2492 Ac
182 2466 272 2491 rem
320 2455 381 2492 ita
429 2467 473 2492 se
522 2455 678 2492 habere
711 2455 806 2504 quis
839 2452 996 2503 neget‘?
1028 2453 1138 2491 Nam
1170 2454 1356 2503 plurima
1387 2453 1517 2492 verba
1549 2453 1786 2503 composita
1817 2465 2053 2503 numquam
2069 2464 2110 2512 'a
2143 2452 2441 2504 praepositione
2473 2463 2532 2502 se-

70 2528 223 2576 juncta
255 2530 463 2575 apparent
495 2539 633 2576 neque
666 2527 866 2564 credibile
900 2530 966 2564 est
997 2538 1048 2564 ea
1081 2538 1285 2575 umquam
1319 2526 1515 2576 sejuncta
1548 2525 1693 2565 fuisse.
1754 2525 1805 2564 In
1838 2526 1904 2564 his
1942 2537 2109 2576 quoque
2133 2525 2247 2565 valet
2267 2525 2397 2575 idem,
2420 2525 2534 2576 quod

71 2599 115 2635 in
164 2599 268 2636 illis:
318 2599 560 2648 praepositio
610 2599 871 2648 verbumque
920 2610 1043 2636 suam
1091 2598 1277 2647 quidque
1311 2597 1666 2647 significationem
1699 2600 1776 2636 aut
1807 2598 2077 2637 retinuerunt
2109 2600 2186 2636 aut
2217 2597 2457 2636 amiserunt
2487 2597 2534 2635 in

72 2682 292 2720 unumque
325 2671 587 2709 coaluerunt.

253 2743 383 2780 Aliud
416 2754 516 2780 vero
549 2744 774 2781 verborum
806 2754 943 2793 genus
976 2754 1123 2781 eorum
1156 2744 1234 2788 est,
1270 2743 1423 2792 quibus
1456 2743 1698 2792 praepositio
1730 2743 1826 2781 ideo
1859 2743 2010 2780 addita
2041 2746 2119 2789 est,
2157 2745 2206 2780 ut
2241 2743 2307 2780 vis
2330 2743 2534 2792 simplicis

72 2811 190 2854 vei-bi
223 2818 452 2864 augeretur
499 2815 566 2853 vel
600 2811 899 2855 minueretur.³
960 2815 1106 2865 Neque
1140 2815 1229 2853 haec
1263 2826 1336 2865 pro
1369 2815 1633 2865 simplicibus
1666 2818 1871 2866 sequente
1909 2815 2207 2865 praepositione
2254 2815 2394 2865 posita
2440 2825 2534 2853 esse

71 2888 273 2927 credibile
306 2890 385 2926 est.

255 2960 405 3010 Itaque
439 2960 764 3010 significationis
797 2961 961 2998 ratione
994 2961 1140 2999 habita
1172 2962 1255 2999 tria
1286 2962 1512 2999 verborum
1546 2961 1879 3011 compositorum
1911 2972 2069 3010 genera
2090 2961 2397 3010 distinguenda
2418 2963 2546 3000 sunt.‘

72 3033 263 3071 Primum
311 3036 377 3072 est
426 3044 586 3081 eorum,
637 3044 730 3083 quae
778 3032 1076 3083 praepOsitione
1124 3033 1272 3071 addita
1319 3034 1405 3070 vim
1449 3045 1573 3072 suam
1605 3044 1692 3071 non
1725 3034 1910 3072 multum
1942 3036 2209 3072 commutent
2240 3034 2316 3072 sed
2348 3036 2537 3084 augeant

70 3108 243 3145 tantum
276 3106 344 3144 vel
377 3106 686 3144 comminuant.
753 3105 857 3154 Quae
890 3106 1033 3154 verba,
1067 3106 1268 3156 quoniam
1301 3106 1609 3156 compositione
1641 3108 1857 3144 structura
1890 3106 1995 3144 nihil
2030 3109 2234 3158 mutatur,
2281 3107 2361 3145 hoc
2392 3106 2535 3146 libello

254 3235 265 3254 ¹
293 3239 343 3271 M.
385 3238 517 3271 Annaei
549 3237 690 3272 Lucani
718 3237 914 3271 Pharsalia
939 3237 996 3270 ed.
1023 3237 1062 3270 C.
1089 3238 1139 3269 M.
1168 3237 1359 3270 Francken
1385 3237 1469 3269 Vol.
1494 3237 1512 3269 1
1537 3237 1655 3278 (Libb.
1683 3236 1808 3278 I—V).
1836 3237 2009 3280 Lugduni
2036 3238 2262 3271 Batavorum
2293 3235 2387 3271 1896
2417 3237 2537 3271 serius

70 3298 260 3341 apparuit,
287 3308 402 3340 quam
429 3301 474 3331 ut
499 3308 543 3331 ea
568 3299 733 3331 editione
761 3298 819 3331 uti
845 3308 1003 3340 possem.
1032 3297 1167 3331 Paucis
1192 3300 1317 3330 tamen
1345 3298 1437 3330 locis
1462 3298 1749 3331 commentarios
1773 3298 1856 3339 ejus
1881 3298 1970 3331 adii.

251 3356 267 3380 ²
294 3360 359 3392 Οτι·
387 3356 540 3391 Coronen
569 3359 805 3401 Aussprache
831 3359 909 3392 und
937 3357 1188 3391 Vokalismus.
1241 3358 1395 3400 Leipzig
1423 3356 1527 3391 1870.
1554 3358 1602 3391 11.
1630 3367 1714 3401 pag.
1740 3355 1822 3393 396.

250 3414 267 3439 ³
292 3419 356 3452 Cir
395 3412 598 3461 Osterberg
634 3428 670 3461 p.
711 3416 768 3451 13.
806 3418 932 3460 Hujus
968 3417 1116 3461 generis
1154 3420 1244 3451 sunt
1269 3415 1449 3461 perficere
1498 3414 1683 3460 conficere.
1734 3418 1799 3451 Cfr
1837 3427 1934 3451 suec.
1973 3414 2130 3461 afskih'a
2158 3411 2260 3462 sra⁰n
2309 3428 2377 3461 pro
2425 3414 2538 3462 nkih'a

61 3471 172 3523 frdn.
200 3479 330 3522 Neque
356 3478 402 3512 de
427 3481 619 3513 structura
643 3488 764 3522 neque
790 3479 836 3512 de
861 3478 1137 3523 significatione
1162 3478 1325 3512 multum
1351 3478 1421 3513 hac
1446 3478 1716 3521 compositione
1742 3480 1922 3512 mutatur.
