2651 3633
131 106 185 146 12

127 226 176 263 V.
210 227 297 266 622
330 228 441 266 terra
472 238 589 277 reyno
618 227 793 267 secundo.
829 227 900 267 VI.
937 230 1023 268 278
1057 240 1156 268 rura
1189 227 1342 269 colonis.
1376 229 1493 269 VIII.
1529 230 1611 270 531
1649 229 1776 269 armis
1806 228 2046 272 accessimus.
2075 230 2102 270 i.
2123 241 2148 270 e
2183 242 2305 272 arma
2324 231 2552 286 cepimus

128 298 242 338 VIII
277 299 365 339 486
389 299 497 348 fatis
528 298 682 349 deisque
712 300 859 346 accede,
892 301 965 340 ubi
996 301 1110 339 idem
1144 301 1233 340 fere
1265 301 1490 351 significat,
1531 301 1644 352 quod
1676 302 1794 353 sequi
1817 303 1886 342 vel
1907 314 2066 354 parere.
2090 301 2178 343 etr.
2201 302 2273 345 Sil.
2296 303 2391 348 Ital.
2412 302 2527 356 XVI.

129 372 212 424 φὶ
247 370 375 411 socius
406 371 540 412 accede
569 372 758 414 secundis.
794 372 866 412 IX.
901 374 986 414 753
1020 373 1999 415 morti..
2498 414 2502 425 ,

67 440 348 485 incumbere
395 445 538 494 verbo,
584 445 780 495 quamvis
813 456 925 495 saepe
957 448 1163 493 occurrat,
1197 446 1395 484 Lucanus
1426 458 1640 497 nusquam
1672 447 1966 486 accusativum
1997 448 2196 499 subjecit.
2259 447 2461 500 Sequitur
2490 449 2533 501 a)

127 516 318 554 dativus:
370 515 411 567 1)
459 517 512 554 de
559 517 769 567 personis:
818 517 891 557 IV.
937 519 1022 557 278
1054 517 1200 568 qladiis
1230 535 1290 550 Ξ
1323 518 1393 557 IV.
1428 519 1528 560 500.
1563 518 1635 558 IV.
1671 519 1770 559 367.
1802 518 1921 569 ripis.
1956 519 2006 558 V.
2039 520 2097 560 85
2129 518 2250 570 adyto
2278 503 2412 571 (idem
2443 521 2533 561 fere

126 588 241 626 valet
273 589 385 640 quod
419 589 666 641 considere).
700 589 771 628 VI.
808 591 893 630 565
928 589 1120 630 membris.
1158 590 1271 629 VIII.
1309 590 1392 631 727
1426 590 1582 642 Mayno.
1618 591 1691 630 IX.
1718 592 1773 632 57
1796 590 1895 632 viro.
1919 591 1959 630 X
1996 591 2084 633 354
2106 591 2216 633 ioris.
2240 591 2285 645 b)
2305 592 2360 632 de
2382 593 2529 634 rebus:

126 661 157 700 Ι.
194 663 281 702 390
314 662 468 701 Boreas
498 662 675 712 rupibus.
710 663 784 700 111.
820 665 844 702 2
881 663 974 701 velis
1005 666 1148 702 auster.
1182 664 1244 701 III
1293 665 1379 704 648
1412 664 1530 703 turba
1555 676 1682 714 prono
1710 664 1842 704 lateri.
1872 665 1944 704 IV.
1969 666 2025 705 69
2048 664 2190 705 mundo
2211 665 2339 705 nubes.
2362 666 2417 706 V.
2443 668 2529 708 '718

118 734 321 783 puppibus
353 747 433 774 aer.
468 736 560 772 VII.
599 738 682 774 178
715 747 794 773 nox
823 735 954 784 paleis.
988 737 1079 774 cod.
1115 736 1146 774 C
1194 738 1453 775 concumbere.
1491 737 1604 775 VIII.
1641 737 1725 777 393
1760 737 1832 775 tibi
1862 737 1986 776 tellus.
2022 738 2074 777 X.
2112 737 2198 778 243
2223 737 2352 786 fluvio
2389 738 2526 786 iambi.

126 806 176 846 X.
225 808 313 846 424
360 819 500 846 mensoe
547 807 692 846 cervix.
743 808 791 844 X.
842 809 928 848 498
977 808 1079 858 tynis
1111 809 1325 858 puppibus.
1360 809 1403 861 b)
1433 809 1675 860 praepositio
1707 808 1749 849 in
1779 810 1951 848 iterata:
1986 809 2050 847 ΠΙ
2097 811 2153 850 93
2186 809 2229 850 in
2260 809 2406 850 Latias
2435 822 2528 851 oras

118 878 254 926 furor.
289 879 364 919 III.
399 880 485 920 409
519 879 560 917 in
591 879 714 918 silvas
745 883 889 920 ventus.
925 881 995 919 IV.
1036 882 1121 920 770
1155 880 1193 919 in
1219 881 1372 930 pedites
1386 881 1537 929 satum.
1602 882 1727 920 Nullo
1750 882 1917 932 objecto
1939 883 2133 932 apposito
2153 885 2332 933 apparet
2357 882 2403 921 V.
2426 883 2529 924 414.

66 947 317 992 incurrere
365 953 543 990 verbum
590 964 827 1001 numquam
866 953 981 1002 apud
1014 956 1209 991 nostrum
1243 955 1538 992 accusativum
1571 954 1689 1003 regit.
1723 954 1874 992 Exstat
1906 954 2078 993 dativus
2109 954 2179 992 IV.
2215 955 2300 995 563
2325 953 2532 1003 fratribus

117 1023 289 1071 fratres.
355 1023 403 1062 In
451 1025 694 1073 praepositio
741 1025 959 1063 invenitur
1006 1026 1120 1064 VIII.
1172 1027 1258 1066 423
1298 1025 1339 1065 in
1372 1026 1538 1066 Bactvffia

67 1092 203 1136 illabi
252 1107 336 1133 non
385 1097 467 1133 nisi
516 1108 614 1133 cum
648 1097 793 1134 dativo
826 1098 1102 1147 conjungitur
1134 1098 1166 1136 Ι.
1208 1099 1295 1137 475
1323 1097 1414 1137 Nw
1449 1098 1629 1137 Tiberino
1661 1095 1771 1137 amni
1818 1098 1866 1137 V.
1903 1099 1985 1171 281
2021 1097 2194 1148 conjuyis
2225 1096 2402 1137 lacrimis
2432 1097 2447 1136 i
2493 1109 2518 1137 e

126 1169 354 1218 conJ'ugem
393 1168 691 1206 lacrimantem
724 1168 937 1218 amplecti.

67 1236 341 1293 irrumpere
373 1241 551 1278 verbum
586 1241 779 1290 sequitur
800 1241 1071 1279 accusativus
1095 1241 1124 1280 I.
1149 1242 1236 1281 470
1250 1241 1371 1289 sama
1393 1241 1554 1283 animos.
1579 1243 1632 1281 II.
1659 1244 1745 1282 328
1768 1253 1865 1291 quas
1885 1239 2041 1294 (fores).
2065 1258 2125 1275 z
2146 1242 2197 1281 V.
2229 1243 2326 1281 127.
2353 1242 2403 1281 V.
2431 1242 2530 1282 166.

126 1310 350 1350 Phoebados
402 1314 515 1350 artus
568 1311 707 1350 Pfean.
764 1312 856 1349 VII.
913 1313 1000 1352 478
1053 1324 1222 1351 convexa
1277 1312 1446 1362 Olympi.
1510 1313 1560 1352 In
1605 1314 1848 1364 praepositio
1886 1313 2067 1352 occurrit
2098 1313 2152 1353 II.
2186 1314 2287 1353 441.
2320 1324 2461 1353 vacuos
2490 1313 2532 1352 iu

131 1395 247 1434 apros
281 1382 426 1423 Caesar.

65 1453 254 1498 irruere
286 1458 415 1495 verbo
448 1457 620 1494 dativus
654 1457 880 1506 subjicitur
911 1456 1005 1495 VII.
1041 1458 1108 1497 60.
1142 1455 1332 1496 cladibus.
1398 1457 1461 1495 De
1494 1457 1803 1507 significatione
1834 1458 1899 1496 cfr
1930 1448 2162 1508 &sterberg
2193 1471 2232 1508 p.
2258 1460 2326 1498 65.

65 1526 256 1570 insilire
290 1530 467 1568 verbum
500 1532 565 1567 ter
598 1530 650 1567 de
682 1529 865 1566 navibus
899 1529 1065 1567 dicitur.
1131 1528 1329 1578 Sequitur
1361 1528 1400 1579 a)
1433 1530 1722 1570 accusativus:
1750 1530 1822 1570 ΙΙΙ.
1852 1531 1937 1571 626
1953 1542 2137 1580 puppem.
2213 1530 2387 1580 Aliquot
2407 1530 2529 1571 codd.

119 1602 301 1651 puppim.
368 1602 434 1639 Ita
467 1603 597 1639 etiam
631 1602 802 1642 Hosius.
836 1603 877 1654 b)
910 1605 981 1643 IX.
1017 1607 1102 1643 252
1130 1603 1271 1653 puppi.
1306 1604 1345 1640 X
1392 1605 1476 1644 507
1510 1602 1670 1642 carinis.
1707 1603 1755 1654 13l
1793 1615 1819 1640 u
1852 1602 2023 1643 carinas.

64 1671 288 1715 inslstere
321 1675 500 1712 verbum
535 1674 729 1713 dativum
763 1677 842 1714 sibi
876 1677 1120 1726 adsumpsit
1151 1676 1223 1713 III.
1258 1677 1344 1717 407
1378 1676 1552 1715 volucres
1584 1674 1722 1714 ramis.
1788 1676 1946 1714 Praeter
1976 1676 2276 1714 necessitatem
2310 1674 2529 1713 Bentleius

123 1747 203 1783 hoc
235 1748 414 1784 verbum
448 1747 633 1784 mutavit
664 1747 707 1783 in
741 1747 923 1786 insidere.

63 1814 292 1859 involare.
355 1818 419 1856 De
468 1818 545 1856 hoc
595 1819 723 1857 verbo
771 1819 834 1857 cfr
883 1819 1057 1869 Dewseyffl
1106 1832 1175 1869 pp
1227 1821 1327 1868 378,
1377 1820 1477 1858 418.
1557 1819 1652 1856 Non
1700 1819 1907 1869 reperitur
1955 1819 2068 1869 apud
2116 1818 2311 1869 aequales.
2376 1818 2529 1856 Exstat

123 1891 238 1940 apud
271 1893 466 1928 nostrum
499 1891 570 1928 VI.
606 1893 692 1930 588
729 1890 905 1930 Gaesaris
936 1904 985 1929 m
987 1895 1062 1941 tus
1098 1893 1121 1931 i.
1157 1904 1192 1930 e
1228 1891 1600 1940 comprehendere,
1634 1892 1828 1965 arripere.
1885 1890 1979 1928 ctrt
2007 1891 2196 1928 Haskins
2219 1889 2371 1930 Catull.
2394 1890 2527 1930 XXV

125 1964 149 2002 6
177 1962 392 2011 pallium‚.
415 1963 557 2012 ‚quod
589 1964 784 2003 involasti.

62 2032 319 2075 succedere
365 2036 542 2073 verbum
592 2037 706 2086 apud
756 2040 948 2074 nostrum
994 2049 1091 2073 cum
1141 2037 1285 2073 dativo
1324 2038 1495 2073 tantum
1537 2037 1817 2086 conjunctum
1849 2037 2000 2073 exstat.
2064 2034 2284 2084 Significat
2314 2032 2356 2085 a)
2387 2045 2529 2073 ascen-

124 2109 223 2145 dere
271 2108 363 2146 VII.
404 2110 486 2148 733
529 2108 661 2147 hostili
693 2109 796 2148 vallo
828 2109 914 2148 Cfr.
950 2109 1020 2147 Sil.
1056 2110 1150 2147 Ital.
1188 2109 1280 2147 XII.
1318 2110 1417 2149 606.
1452 2109 1496 2160 b)
1527 2109 1571 2146 in
1604 2108 1691 2146 ales
1723 2108 1863 2146 locum
1896 2107 2142 2147 succedere:
2177 2107 2228 2146 V.
2267 2107 2345 2147 721
2384 2104 2530 2157 Bop‘eoe

123 2184 267 2219 auster.
319 2179 355 2233 c)
403 2193 491 2218 rem
541 2183 744 2231 excipere,
795 2184 1024 2232 suscipere:
1076 2182 1146 2220 IV.
1188 2183 1246 2221 44
1279 2180 1367 2220 dux
1405 2180 1568 2230 equitem
1591 2180 1702 2229 jubet
1732 2179 1931 2219 succedere
1961 2179 2057 2219 bello
2087 2178 2160 2230 (sc.
2193 2191 2325 2230 quum
2358 2179 2531 2229 agmina

122 2254 295 2302 lapsura
328 2254 537 2304 vidisset)
570 2254 727 2291 Praeter
744 2255 978 2303 corrigendi
998 2255 1300 2292 necessitatem
1319 2253 1576 2292 Burmannus
1596 2251 1780 2303 conjecit
1796 2252 1896 2292 colli.
1962 2253 2070 2290 Vide
2088 2252 2159 2291 Sil.
2178 2251 2273 2290 Ital.
2292 2251 2408 2290 XIII.
2430 2251 2528 2291 701.

124 2324 308 2363 Marcius
339 2324 518 2363 successit
551 2325 658 2364 bello.
724 2325 844 2363 Idem
880 2325 965 2364 fere
998 2326 1077 2364 hoc
1110 2327 1240 2364 verba
1272 2325 1532 2375 significant,
1567 2325 1679 2374 quod
1702 2323 1856 2363 auxilio
1876 2323 2006 2363 venire
2020 2322 2292 2374 proeliumque
2311 2321 2530 2362 restituere.

61 2394 225 2438 subire
274 2391 451 2436 verbum
500 2398 614 2447 apud
665 2401 859 2436 nostrum
909 2410 1077 2448 semper
1124 2410 1220 2436 cum
1267 2398 1510 2435 accusativo
1543 2398 1831 2447 conjungitur.
1896 2396 2236 2446 Significationes
2267 2395 2396 2433 variae
2429 2394 2527 2433 huie

122 2470 250 2508 verbo
299 2470 518 2507 attributae
566 2472 681 2516 sunt,
732 2482 827 2520 quae
878 2482 955 2507 suo
1004 2482 1182 2520 quaeque
1230 2470 1320 2507 loco
1368 2469 1615 2507 afferantur.
1649 2468 1723 2506 ΙΙΙ.
1758 2470 1812 2508 97
1846 2468 1981 2506 urbem
2011 2467 2142 2507 subire
2171 2468 2197 2507 i.
2232 2480 2268 2507 e.
2302 2468 2462 2505 intrare
2493 2465 2526 2506 I.

123 2544 221 2581 211.
276 2542 464 2580 venabula
511 2545 647 2591 pectus
698 2542 858 2581 subeant
912 2559 969 2574 tr:
1017 2542 1287 2592 transfigant.
1345 2541 1446 2581 111.·
1472 2541 1559 2581 475
1612 2551 1744 2579 muros
1794 2539 1949 2579 hostiles
1998 2539 2129 2596 subire
2170 2556 2229 2572 z
2279 2539 2522 2577 ascendere.

122 2614 243 2651 Idem
292 2614 406 2653 VIII.
447 2616 529 2653 116
564 2614 725 2653 moenia.
761 2615 822 2651 III
874 2616 958 2654 576
987 2614 1231 2667 profundum
1265 2616 1417 2652 vastum
1449 2625 1480 2652 s.
1515 2630 1574 2645 Ξ
1607 2613 1866 2651 descendere
1898 2613 1954 2652 in.
2017 2611 2091 2650 Cfr
2122 2611 2229 2652 Stat.
2264 2611 2365 2650 Silv.
2399 2610 2445 2648 11>
2491 2612 2528 2650 7.

126 2687 222 2726 101.
258 2685 414 2724 Lethen.
478 2686 708 2724 Translata
741 2687 1053 2735 significatione
1086 2687 1268 2724 occurrit
1300 2685 1371 2722 IV.
1409 2686 1506 2724 524.
1533 2687 1741 2733 proecepta
1773 2683 1924 2722 animos
1953 2695 1986 2722 s.
2020 2700 2080 2715 :z
2110 2684 2270 2722 intrem
2300 2683 2327 2722 i.
2360 2694 2396 2721 e.
2421 2693 2529 2720 com·

121 2770 303 2796 movere.
354 2759 446 2796 VII.
499 2760 583 2798 356
631 2758 762 2797 subire
786 2758 978 2807 pericula.
1042 2758 1112 2795 IX.
1148 2759 1247 2797 540.
1281 2756 1459 2795 Codices
1491 2757 1653 2795 habent
1688 2756 1740 2795 Te
1769 2755 1810 2806 (i.
1843 2767 1876 2795 e.
1909 2767 2016 2807 gens
2048 2755 2222 2807 Libyca)
2252 2753 2378 2804 scynis
2407 2752 2528 2804 (cod.

122 2831 170 2867 A.
222 2829 364 2878 leyitur
410 2832 446 2868 et
492 2829 641 2879 sionis.)
695 2829 895 2878 Cynosura
943 2829 1059 2869 subit.
1112 2830 1301 2868 Haskins
1352 2829 1529 2867 verbum
1564 2830 1599 2867 te
1630 2829 1674 2866 in
1706 2831 1742 2867 et
1774 2839 1852 2866 suo
1882 2829 1978 2879 J'ure
2025 2827 2224 2868 mutavit.
2288 2826 2370 2865 Vix
2417 2824 2533 2864 enim

122 2901 386 2950 intelligitur,
420 2902 633 2951 quomodo
666 2905 782 2940 astra
814 2904 988 2952 gentem
1022 2902 1163 2940 subire
1197 2902 1414 2950 dicantur;
1449 2901 1504 2939 ad
1537 2901 1714 2940 verbum
1748 2892 1821 2940 tibi
1851 2902 2010 2950 autem,
2043 2900 2156 2951 quod
2190 2900 2334 2941 exstat
2352 2910 2394 2938 V.
2428 2897 2530 2945 538,

121 2974 281 3024 optime
325 2974 507 3013 refertur
545 2975 720 3013 verbum
756 2973 871 3014 subit.
943 2974 1023 3013 Hic
1057 2974 1175 3013 locus
1213 2973 1451 3024 significare
1486 2973 1674 3014 videtur:
1707 2972 1859 3024 Libyes
1894 2971 2161 3024 Cynosuram
2193 2971 2336 3012 subire
2367 2969 2529 3009 vident.
