2651 3633
140 132 196 171 16

138 248 363 303 inqeritur.
419 252 534 290 Nihil
566 255 645 298 est,
680 265 754 292 cur
786 266 812 292 a
842 254 1038 293 codicum
1070 253 1280 304 scriptura
1310 246 1574 295 recedamus.
1627 253 1680 296 II.
1714 254 1801 296 336
1824 254 2096 309 contusaque
2111 255 2264 310 pectus
2286 221 2584 309 verbm!

138 320 299 363 crebris
332 321 582 377 cineresque
614 322 782 378 inyesta
815 323 1014 379 sepulcri.
1064 325 1166 366 Cod.
1192 326 1235 364 M
1258 326 1296 364 A
1317 326 1470 365 cineris
1492 321 1552 380 (in
1574 338 1620 366 es
1642 322 1772 380 corr).
1818 325 2130 368 Difficultatem
2150 326 2336 378 prebuit
2355 324 2537 381 expliea-

137 395 197 433 tio
229 396 439 446 participii
473 393 654 449 inqesta,
690 398 802 447 quod
838 398 979 436 minus
1012 398 1136 436 solito
1169 398 1296 436 modo
1328 398 1553 448 signifieat,
1586 409 1688 451 quoe
1725 395 1812 438 sibi
1842 395 2030 451 inyessil.
2094 399 2250 449 Agitur
2280 398 2335 438 de
2361 390 2539 447 ΜΩ
2576 392 2579 413 ³
2618 391 2627 397 ³

138 478 232 517 quae
277 479 406 517 quum
454 469 640 518 primum
679 468 831 508 Catoni
866 472 1011 520 nupta,
1046 470 1201 508 deinde
1233 469 1462 509 Hortensio
1493 471 1539 508 in
1571 471 1892 509 matrimonium
1927 470 2031 509 data
2060 472 2188 517 esset,
2221 473 2321 521 post
2351 462 2538 511 mortem

137 539 355 578 Hortensii
389 541 444 578 ad
476 542 658 591 priorem
692 543 893 580 maritum
927 543 1063 581 rediit.
1130 541 1319 581 Correxit
1352 542 1571 581 Bentleius
1604 539 1830 596 crinesque
1861 553 2040 596 aspersa
2071 540 2251 596 favillis,
2285 553 2380 594 quae
2407 542 2535 595 serip-

137 614 235 650 tura
279 613 486 652 audacius
531 615 814 665 conJectantis
858 615 1040 654 videtur.
1105 615 1188 653 Alii
1233 615 1417 653 editores
1461 614 1588 666 (inter
1632 626 1738 665 quos
1781 614 2019 668 Francken)
2055 615 2250 655 codicum
2281 604 2536 667 scripturam

137 685 419 724 retinuerunt.
464 686 548 725 cfr.
575 687 674 726 Hor.
705 688 792 725 Sat.
830 688 915 727 Lib.
948 688 979 725 I.
1011 690 1036 727 6
1068 700 1105 727 v.
1143 689 1196 728 73
1217 686 1347 742 pueri
1367 711 1424 716 —
1448 687 1559 728 loevo
1579 685 1780 742 suspensi
1802 687 1966 728 loculos
1987 686 2276 742 tabulamque
2300 686 2460 729 lacerto
2478 707 2541 725 .—..

140 758 212 807 qui
258 758 338 796 sibi
384 759 702 809 suspenderunt
745 763 824 798 cet.

79 826 331 882 ingignere
377 831 448 869 VI.
499 832 585 871 439
636 830 795 870 herbas
828 830 1013 885 rupibus
1043 831 1265 883 (Thessala
1296 833 1440 884 tellus)
1513 833 1605 872 Hoc
1637 833 1765 872 verbo
1797 832 2017 872 Lucanum
2049 832 2103 872 de
2134 844 2233 872 vere
2264 820 2386 872 locali
2418 833 2539 871 motu

140 903 326 951 primum
359 915 487 941 usum
519 915 613 942 esse
646 902 892 943 Obermeier
923 907 1071 943 auctor
1103 908 1181 943 est.
1217 902 1327 958 (pag.
1365 901 1449 958 38).

79 970 282 1027 injicere
315 975 390 1014 III.
426 976 510 1014 242
545 987 734 1015 manum
767 973 884 1028 satis.
919 976 991 1015 JV.
1028 977 1115 1018 640
1149 974 1335 1017 brachia
1370 974 1589 1016 membris.

82 1042 318 1099 injectare
350 1046 425 1085 111.
463 1047 560 1087 610.
599 1044 767 1087 carinoe
801 1059 1004 1088 manum.

80 1114 300 1159 illatrare
334 1119 412 1156 VI:
450 1120 533 1159 729
568 1117 790 1158 manibus.

80 1186 275 1230 illidere
307 1190 372 1229 VI.
409 1192 491 1230 691
530 1189 655 1230 illisa»
687 1190 892 1231 cautibus
926 1191 1071 1231 uinta»,
1107 1193 1181 1230 Cir
1228 1193 1491 1231 Claudianus
1525 1193 1617 1232 XX.
1653 1193 1753 1233 431.
1790 1190 1951 1231 illidere
1981 1189 2183 1245 scopulis.
2205 1187 2220 1213 ¹

82 1258 370 1314 immergere
402 1263 455 1301 II.
491 1264 589 1302 484.
629 1262 762 1303 undoe
792 1265 986 1317 pontem.
1022 1265 1093 1303 VI.
1131 1266 1210 1305 541
1250 1276 1414 1304 manus
1446 1262 1594 1304 oculis.
2158 1280 2165 1282 -

81 1331 337 1376 imminere
370 1336 399 1373 Ι.
440 1338 524 1375 295
559 1335 692 1375 Eleus
724 1334 898 1389 sonipes
929 1336 1101 1389 foribus
1133 1358 1192 1372 12:
1223 1350 1425 1387 premere,
1459 1349 1620 1386 urgere,
1654 1338 1772 1375 Idem
1807 1337 1895 1375 fere
1928 1336 2142 1386 significat
2173 1335 2287 1374 VIII.
2323 1336 2409 1378 285
2434 1332 2541 1376 Car-

145 1405 342 1459 tliayinis
372 1407 515 1461 proles
548 1406 784 1462 Hesperia».
840 1409 913 1447 IX.
950 1411 1036 1449 442
1072 1407 1230 1449 litoreis
1258 1408 1498 1463 populator
1520 1407 1712 1449 harenis.
1767 1409 1858 1447 VII.
1883 1409 1981 1450 516.
2006 1405 2176 1462 campis
2198 1419 2285 1447 aer.
2339 1407 2542 1446 Nonnulli

143 1480 253 1517 codd
287 1478 432 1519 (ether.

82 1547 354 1593 immiSeere
403 1552 455 1592 II.
494 1553 580 1594 250
613 1550 816 1594 cladibus
850 1551 1092 1594 inmittunt
1128 1552 1302 1595 bellum.
1369 1554 1421 1594 II.
1459 1554 1558 1596 664.
1596 1555 1762 1595 montes
1795 1550 1986 1594 harenis.
2020 1551 2092 1592 IV.
2129 1552 2215 1594 320
2246 1548 2443 1606 fontibus
2475 1548 2541 1591 in-

143 1621 285 1663 miaeto
319 1637 496 1664 venenu.

80 1692 358 1737 immittere.
394 1697 564 1745 Eorum,
600 1710 704 1747 quos
737 1700 1029 1747 perscrutatus
1058 1701 1124 1736 est
1147 1689 1389 1747 Osterberg,
1415 1710 1540 1736 nemo
1563 1699 1644 1735 nisi
1668 1699 1795 1736 Silius
1818 1698 2160 1748 praepositionem
2182 1697 2238 1735 ad
2258 1697 2338 1734 hoo
2359 1696 2539 1735 verbum

140 1768 323 1808 iteravit.
391 1770 542 1808 Exstat
574 1771 815 1820 praepositio
848 1771 962 1820 apud
997 1773 1188 1809 nostrum
1226 1771 1273 1810 V.
1310 1772 1392 1810 221
1431 1768 1593 1810 Lethen
1625 1768 1669 1810 in
1695 1768 1873 1811 viscera.
1905 1769 1998 1809 VII.
2029 1770 2116 1810 509
2147 1779 2311 1808 manus
2333 1765 2378 1808 in
2402 1766 2543 1808 hostes

141 1841 256 1881 VIII.
306 1844 391 1882 643
440 1840 483 1882 in
528 1840 643 1882 istud
675 1845 810 1896 caput
841 1841 1045 1882 immisse.
1111 1842 1188 1897 (De
1222 1855 1283 1889 eo,
1318 1843 1388 1893 qui
1422 1843 1675 1894 Pompejum
1708 1843 1991 1889 obtruncavit,
2028 1842 2190 1880 dictum
2223 1841 2316 1893 est).
2381 1840 2542 1880 Ceteris

142 1914 244 1951 locis
291 1915 463 1953 dativus
508 1917 700 1965 sequitur
741 1919 784 1954 et
826 1916 868 1953 id
908 1917 1074 1965 proprio
1108 1927 1255 1954 sensu:
1289 1916 1319 1953 I.
1357 1917 1441 1955 379
1477 1913 1622 1968 iynem
1658 1913 1839 1968 templis.
1904 1915 1957 1953 11.
1992 1915 2078 1954 457
2110 1911 2318 1966 fluctibus
2350 1912 2539 1953 Eurum.

142 1986 197 2023 II.
233 1988 318 2027 616
354 1985 602 2027 innnissum
636 1986 845 2041 saucibus
878 2000 1043 2040 a‘quor.
1079 1988 1128 2026 V.
1168 1989 1251 2027 124
1285 1985 1375 2026 deis
1409 1989 1550 2027 vatem
1585 1985 1662 2040 (De
1694 1988 1867 2033 ant-isla,
1902 1987 1972 2037 qui
1995 1986 2197 2037 Pyrhiam
2219 1985 2274 2024 ad
2297 1985 2461 2024 fontem
2483 1985 2542 2023 ire
2599 1984 2604 1989 '

141 2056 292 2112 jubet).
348 2060 417 2099 VI.
452 2060 540 2100 410
569 2059 738 2113 prolem
772 2057 952 2113 superis.
1004 2060 1073 2099 VI.
1113 2061 1195 2099 743
1231 2057 1309 2099 tibi
1347 2057 1518 2100 Titana.
1584 2059 1675 2098 VII.
1713 2061 1798 2099 216
1834 2056 2058 2099 immissus
2081 2055 2263 2111 campis.
2314 2057 2429 2096 VIII.
2453 2058 2541 2097 457

146 2129 293 2183 Cypro
326 2133 450 2170 rates.
516 2132 555 2169 X
600 2134 686 2172 492
722 2131 960 2184 lampadas
993 2130 1168 2170 carinis.

82 2200 269 2246 innasci
302 2206 373 2242 VI.
411 2207 496 2245 677
532 2203 688 2244 innata
724 2203 869 2245 rubris
902 2202 1154 2258 cequoribus
1189 2202 1350 2257 uipera.

83 2274 331 2319 innectere
355 2278 427 2317 III.
454 2279 539 2318 475
565 2275 704 2317 armis
729 2275 896 2317 innexu
921 2289 1065 2316 arma.
1090 2278 1127 2313 V
1152 2277 1204 2328 U1
1233 2274 1407 2315 innita.
1442 2276 1512 2313 IV.
1537 2276 1624 2314 448
1646 2273 1828 2328 fraudes
1847 2276 1996 2327 ponto.
2030 2274 2104 2312 III.
2129 2274 2198 2312 23.
2223 2272 2356 2311 Codd.
2381 2273 2544 2310 habent

144 2347 344 2403 innupsit
391 2348 534 2403 tepido
581 2347 782 2389 Cornelia
830 2348 967 2388 busto.
1034 2348 1153 2386 Codd
1216 2349 1267 2399 V1
1315 2348 1367 2399 Gl
1417 2359 1472 2385 m.
1517 2346 1586 2385 En
1622 2344 1781 2399 nupsit,
1817 2358 1908 2395 quae
1940 2346 2149 2394 scriptura
2179 2344 2340 2394 placuit
2371 2344 2541 2391 Weisio,

143 2422 415 2461 Obermeiero
447 2421 503 2473 (p.
540 2423 612 2475 39)
644 2424 749 2461 aliis.
814 2422 1077 2472 Quocunque
1111 2422 1237 2460 modo
1270 2433 1336 2459 res
1370 2432 1415 2458 se
1449 2421 1590 2467 habet,
1624 2421 1750 2458 busto
1774 2419 1944 2456 dativus
1971 2429 2057 2456 non
2079 2416 2303 2456 habendus
2325 2418 2403 2462 est,
2429 2415 2543 2466 quod

143 2495 389 2534 Obermeier
421 2496 591 2534 credere
629 2496 810 2542 videtur,
845 2496 920 2532 sed
954 2495 1180 2532 ablativus.
1246 2493 1482 2542 Significat:
1516 2504 1648 2541 quum
1683 2493 1856 2530 bustum
1889 2491 2018 2528 etiam
2050 2490 2244 2540 tepidum
2277 2491 2401 2527 esset.

85 2564 367 2621 impendere
413 2568 453 2604 II
515 2570 599 2607 382
643 2566 804 2621 patria’
854 2564 1003 2606 vitam.
1051 2567 1123 2603 IV.
1175 2567 1256 2604 112
1289 2561 1508 2618 perpetuis
1541 2575 1646 2602 aera
1681 2560 1843 2602 nimbis
1875 2560 2145 2616 (Neptunus)'⁴
2162 2561 2303 2599 Vertit
2333 2560 2542 2598 Haskins:

147 2640 314 2678 'devote
353 2641 408 2677 to'
445 2640 495 2678 II.
532 2642 616 2679 569
652 2642 759 2678 crtus
800 2637 999 2691 impensa
1034 2636 1188 2676 labori.
1226 2661 1281 2665 —
1315 2638 1408 2674 VII.
1445 2638 1530 2675 617
1565 2634 1775 2674 lacrimas
1808 2631 2034 2674 mortibus.

87 2708 357 2765 impingere
390 2714 431 2761 a)
466 2710 510 2751 in
546 2712 796 2761 praepositio‚
831 2724 922 2761 quae
949 2711 1063 2761 apud
1088 2711 1192 2748 alios
1216 2712 1363 2760 poetas
1386 2709 1582 2760 ejusdem
1604 2707 1742 2747 aetatis
1763 2719 1849 2745 non
1872 2706 2206 2757 invenitur,‘uno
2228 2704 2320 2742 loco
2345 2704 2543 2743 occurrit:

145 2785 214 2824 VI.
250 2786 337 2825 406
367 2784 558 2838 populos
592 2782 636 2824 in
666 2796 809 2823 arma.
861 2783 903 2834 b)
937 2785 1128 2821 dativus:
1164 2783 1213 2821 V.
1251 2784 1335 2821 697
1377 2783 1413 2821 te
1452 2777 1622 2833 (Caesar)
1655 2777 1846 2819 harenis.
1881 2779 1951 2819 IX.
1978 2780 2062 2819 338
2087 2775 2316 2830 inpactum
2342 2773 2545 2816 brevibus

147 2870 283 2897 mare.
349 2858 552 2896 Nonnulli
645 2857 767 2897 codd.
805 2854 989 2896 brevius.

87 2929 337 2986 imponere
370 2934 410 2981 a)
444 2932 612 2982 proprio
646 2942 796 2970 sensu:
831 2931 884 2968 ΙΙ.
923 2931 1007 2969 124
1030 2942 1109 2968 ora
1133 2928 1338 2980 (Antonii)
1362 2939 1525 2967 mensa.²
1546 2926 1710 2978 (miles).
1733 2926 1785 2965 II.
1811 2926 1897 2966 170
1919 2937 1998 2965 ora
2021 2936 2140 2978 royo.
2175 2924 2246 2962 IV.
2274 2923 2359 2963 140
2382 2919 2544 2962 robora

147 3002 264 3059 ripis.
323 3005 371 3045 V.
408 3006 492 3046 676
529 3003 638 3044 Hscc
668 3002 814 3057 fatum
847 3001 919 3053 (sc.
953 2999 1176 3055 Caesarem)
1211 3003 1333 3040 terroe
1367 2998 1575 3053 imposuit
1604 2999 1776 3052 fluctus.
1841 2999 1913 3036 VI.
1950 3001 1974 3036 2
2009 2999 2152 3037 castra
2175 2994 2313 3050 juqis.
2347 2995 2418 3033 VI.
2457 2995 2544 3035 252

147 3077 360 3130 defectum
408 3075 605 3116 humeris
649 3075 899 3126 (defessum.
943 3075 1076 3112 Codd.
1118 3074 1200 3123 Nb)
1240 3075 1311 3111 VI.
1358 3075 1442 3112 525
1490 3071 1579 3111 aris
1622 3072 1848 3123 flammas.
1913 3071 1984 3108 VI.
2033 3072 2129 3110 711.
2162 3071 2298 3122 caput
2328 3064 2543 3108 lancibus.

149 3150 262 3189 VIII.
312 3151 411 3190 147.
460 3147 661 3189 comitem
708 3146 888 3188 carina’.
953 3148 1004 3186 X.
1055 3148 1138 3186 145
1185 3144 1387 3185 dentibus
1433 3143 1556 3182 orbes
1601 3145 1626 3181 i.
1661 3156 1696 3181 e.
1731 3155 1885 3193 parvas
1919 3154 2090 3181 mensas
2122 3142 2303 3192 pedibus
2335 3139 2545 3178 eburneis.

148 3222 191 3272 b)
222 3222 450 3261 translate:
488 3222 529 3272 1)
560 3242 620 3257 Ξ
654 3221 768 3269 dare,
792 3221 997 3259 tribuere:
1023 3219 1097 3258 III.
1124 3219 1222 3258 274.
1248 3215 1433 3257 nomina
1457 3214 1575 3269 ripis.
1612 3216 1660 3254 V.
1686 3216 1741 3255 49
1765 3214 1933 3268 Maan
1954 3213 2099 3268 fatum
2119 3211 2297 3268 patrioe.
2323 3211 2435 3249 VIII.
2460 3211 2545 3251 785

146 3293 282 3347 finem
317 3290 464 3347 officio
496 3293 548 3333 X.
586 3293 684 3334 173.
720 3289 903 3333 modum
938 3288 1088 3346 epulis.
1125 3289 1166 3343 2)
1198 3309 1258 3325 2-
1290 3289 1524 3340 praeficere:
1557 3287 1632 3325 III.
1668 3288 1767 3327 393.
1804 3284 1947 3326 virum
1982 3285 2163 3325 mundo.
2213 3286 2264 3323 X.
2300 3286 2386 3324 377
2420 3281 2545 3321 illum

146 3366 388 3418 (Caesarem)
421 3363 528 3406 orbi.

236 3520 246 3540 ¹
276 3524 341 3558 Ctr
366 3523 517 3566 Trump,
546 3522 592 3556 de
619 3521 767 3555 dicendi
793 3530 927 3565 genere
953 3520 1150 3555 Claudiani
1181 3519 1331 3553 Vratisl.
1360 3516 1452 3551 1887
1479 3528 1514 3561 p.
1544 3515 1600 3550 12.
