2651 3633
2411 105 2468 144 1⁷

26 247 36 259 .,
136 211 145 220 “
321 276 323 279 ἱ
346 220 349 228 ”
361 200 454 269 IX.
485 222 578 269 800
603 220 751 265 dent&
782 182 1081 264 haemorrhois
1117 221 1253 263 Tullo.

41 344 44 347 ῃ
83 288 342 354 injm
357 293 491 334 vm.
505 294 642 336 658
665 293 873 350 Pompejo
911 297 1124 350 proestare
1155 298 1306 349 potest,
1338 295 1460 349 quod
1491 294 1679 336 Coesaris
1711 292 1850 334 armis
1882 292 2074 348 imputet.
2138 294 2239 335 Hoec
2268 295 2399 335 verba
2428 295 2534 335 dicit

16 354 19 357 ’
144 362 352 428 Cornelia,
383 369 547 417 potens,
577 368 629 406 ut
639 365 811 424 aliquis
842 378 890 405 se
919 367 1157 407 interficiat.
1219 367 1359 406 Vertit
1388 367 1597 407 Haskius:
1654 364 1811 406 Which
1847 364 1902 406 he
1923 378 2031 419 may
2054 364 2228 407 reclcom
2252 378 2303 407 as
2324 378 2352 407 a
2373 363 2534 408 service

144 422 258 480 done
301 438 345 478 lo
383 435 562 479 Coesars
599 444 734 478 arms.
796 436 900 486 Qua
937 439 1074 477 versio
1111 439 1182 477 vix
1224 439 1472 489 accipienda
1509 439 1690 478 videtur
1755 437 1880 486 Quod
1921 438 2025 477 dicit
2054 438 2122 484 H,
2153 449 2250 476 eam
2281 449 2375 477 esse
2406 436 2533 491 hujus

142 510 261 550 verbi
303 508 659 561 significationem
689 502 805 567 apud
835 511 1040 560 posteros,
1073 509 1161 550 haee
1192 511 1406 550 sententia
1443 511 1659 562 exemplis,
1701 522 1795 561 quae
1836 510 2006 560 collegit
2043 500 2289 560 Osterberg,
2321 521 2406 549 non
2438 521 2533 561 pro-

143 584 287 631 batum
318 581 396 621 ssd
426 592 478 621 ex
509 581 576 621 his
607 584 791 633 apparet·
814 581 997 622 eandem
1029 583 1129 629 vim,
1163 594 1291 634 quam
1324 583 1484 623 habent
1516 580 1757 636 assiqnare,
1793 580 2049 631 adscribere,
2084 582 2331 632 plerumque
2372 583 2416 621 in
2455 582 2533 621 hoe

143 655 274 702 verbo
317 655 472 696 inesse.
498 653 572 695 Ob
593 664 772 707 eamque
803 667 892 695 rem
924 655 1004 697 hoe
1034 655 1124 696 fere
1154 656 1282 696 modo
1313 656 1454 696 locum
1485 658 1679 695 nostrum
1711 656 1904 706 intelligo
1950 654 2033 703 Qui
2064 666 2160 693 eam
2203 655 2530 701 obtruncaverit,

145 728 352 780 Pompeio
398 729 568 779 gratum
615 727 780 767 faciet(
820 727 894 766 Sin
924 728 1067 783 minus
1099 728 1179 767 hoe
1210 741 1367 767 munus
1399 728 1555 768 Caesari
1587 730 1783 775 traditur,
1817 731 1867 767 ut
1897 729 1969 778 qui
2002 740 2088 766 non
2120 728 2247 766 modo
2278 728 2531 779 Pompeium

149 800 227 839 sed
257 799 390 840 ettam
421 811 596 839 uxorem
627 800 723 852 eius
753 800 990 840 interficere
1020 801 1134 841 velit.

90 868 364 927 insculpere
409 872 460 911 X.
511 873 607 914 180.
657 870 952 926 quodcunque
990 866 1255 927 insculptum
1295 875 1355 912 est
1386 871 1542 925 adytis.
1576 873 1665 911 Cod
1698 873 1735 911 G
1769 871 2040 926 inscriptum.
2104 872 2152 910 Iu
2188 871 2380 922 plurimis
2411 871 2532 911 codd.

144 944 214 984 hic
253 944 377 983 'locus
424 946 647 995 corruptus
693 945 772 984 est.
843 945 970 995 Apud
1008 947 1157 995 poetas
1195 945 1300 983 alios
1341 946 1537 995 ejusdem
1570 946 1709 984 aetatis
1752 944 1993 998 insculpere
2031 945 2210 984 verbum
2247 956 2346 983 cum
2387 943 2533 983 dativo

147 1016 426 1073 coniunctum
457 1027 545 1054 non
575 1018 726 1054 exstat.

86 1084 301 1130 inserere
347 1088 476 1127 verbo
523 1088 695 1126 dativus
742 1097 910 1138 semper
947 1086 1254 1138 subjungitur.'
1299 1087 1340 1139 a)
1374 1107 1425 1121 =
1459 1089 1644 1139 injicere,
1677 1089 1730 1128 ΙΙ.
1765 1090 1852 1130 300
1901 1086 2079 1141 iynibus
2126 1098 2303 1128 manus.
2336 1087 2410 1126 ΠΙ.
2444 1088 2529 1128 635

139 1157 286 1213 puppi
316 1170 464 1200 uncos.
500 1160 549 1198 V.
584 1161 639 1200 93
659 1157 782 1200 terris
812 1158 1011 1213 reqendis
1027 1172 1137 1214 pars
1152 1159 1280 1201 Iovis.
1314 1162 1377 1200 De
1393 1161 1626 1211 gerundivo
1643 1161 1706 1200 cfr
1723 1161 1917 1200 Schmalz
1939 1174 1979 1211 p.
1999 1157 2100 1201 425.
2126 1160 2197 1201 VI.
2223 1161 2310 1201 504
2333 1157 2536 1200 insereret

141 1229 341 1285 flammis
373 1230 569 1271 umbras.
632 1232 713 1271 Pro
748 1233 873 1271 verbo
903 1233 1108 1271 insereret
1140 1230 1444 1286 infererretque
1465 1232 1554 1271 Cod
1577 1234 1625 1272 V.
1652 1234 1721 1272 VI.
1746 1235 1831 1273 547
1855 1231 2087 1284 chalybem
2112 1230 2334 1271 manibus.
2357 1232 2426 1270 VI.
2446 1233 2532 1272 638

146 1301 306 1345 inserto
338 1302 506 1358 laqueis
539 1316 665 1345 unco.
700 1302 771 1343 IX.
806 1305 893 1346 483
927 1316 1092 1345 manus
1123 1306 1258 1346 terroe.
1292 1305 1352 1343 IX
1397 1308 1483 1346 572
1517 1303 1601 1345 boc
1632 1302 1758 1344 nobis
1789 1301 1829 1359 (i.
1854 1316 1890 1345 e.
1914 1305 2068 1343 animis
2091 1302 2264 1352 nostris)
2301 1302 2531 1343 Hammon

142 1376 215 1415 IX.
251 1377 339 1418 930
365 1374 498 1431 pestis
530 1374 690 1417 inserta
723 1375 936 1417 medullis.
971 1374 1012 1430 b)
1048 1396 1099 1410 =
1133 1379 1291 1416 addere
1322 1378 1393 1417 VI.
1429 1380 1511 1417 411
1541 1390 1585 1417 se
1607 1376 1747 1417 astris.
1765 1378 1836 1418 IX.
1864 1379 1978 1418 1072
2001 1379 2149 1416 nostro
2169 1389 2252 1417 sua
2277 1375 2359 1416 tela
2375 1373 2530 1416 labori.

83 1444 296 1490 insidere
328 1448 401 1488 VI.
439 1450 492 1490 17
526 1447 690 1489 castris.

85 1516 312 1575 inspuere
343 1520 415 1559 VI.
451 1522 535 1561 683
570 1519 731 1574 quibus
762 1532 810 1560 os
842 1519 1007 1575 inspuit
1037 1523 1132 1571 ng
1165 1520 1333 1561 imbuit.

83 1590 264 1634 Instare
295 1592 336 1643 a)
369 1609 423 1626 =
458 1605 605 1642 urgere
639 1595 687 1632 V.
723 1596 809 1633 315
844 1592 1100 1633 nolentibus.
1134 1595 1183 1632 V.
1221 1596 1306 1634 724
1339 1592 1492 1634 castris
1524 1590 1566 1648 b)
1604 1614 1653 1627 ε
1689 1594 1854 1642 adesse,
1888 1594 2120 1634 imminere.
2162 1592 2277 1633 VIII.
2300 1594 2396 1634 177.
2420 1591 2531 1635 Ursa

143 1661 291 1704 minor
321 1662 529 1704 ceruchis.
562 1664 600 1715 e)
636 1683 686 1697 =
721 1677 811 1703 rem
843 1657 1050 1715 persequi.
1084 1666 1117 1704 I.
1155 1667 1240 1706 148
1271 1664 1421 1718 favori
1452 1663 1662 1705 numinis.

84 1732 336 1790 insurgere
368 1737 417 1777 V.
453 1737 538 1778 704
571 1734 713 1777 videre
746 1735 924 1777 boream
959 1736 1076 1777 coelo
1109 1735 1342 1791 insurqere.

84 1804 312 1851 Invehere
343 1809 417 1848 111.
454 1810 540 1851 536
573 1808 731 1849 molem
761 1808 1001 1863 profundo.

81 1877 300 1922 invidere
347 1883 524 1920 verbnm
557 1883 747 1932 sequitur
778 1883 820 1934 a)
848 1883 964 1920 solus
997 1883 1187 1926 dativus:
1235 1883 1286 1922 X.
1322 1885 1406 1923 273
1447 1881 1558 1923 Nilo.
1602 1883 1644 1934 b)
1676 1883 1847 1921 dativus
1880 1894 1977 1921 cum
2009 1882 2195 1921 ablativo
2227 1882 2285 1921 rei
2318 1881 2410 1919 VII.
2446 1883 2529 1922 798

143 1950 242 2005 ique
273 1951 371 2006 r09i
401 1952 580 1994 miseris.
645 1955 766 1993 Hanc
799 1957 1069 2001 structuram,
1103 1967 1195 2005 quae
1226 1955 1339 2005 apud
1371 1958 1519 2005 poetas
1551 1955 1744 2006 ejusdem
1778 1956 1914 1993 aetatis
1948 1966 2032 1993 non
2064 1955 2289 1999 invenitur,
2322 1954 2384 1993 ita
2404 1954 2529 2004 expli·

141 2026 226 2063 cari
269 2026 364 2064 vult
409 2025 602 2079 Droeqen
650 2029 698 2065 ut
729 2027 941 2065 ablativus
974 2039 1127 2078 causae,
1158 2027 1229 2076 qui
1263 2030 1447 2072 vocatur.
1480 2028 1751 2077 accipiendus
1783 2028 1850 2065 sit.
1916 2027 2103 2077 (Draeger
2134 2038 2230 2077 pag.
2264 2023 2384 2079 404.)
2447 2025 2531 2064 Sed

141 2097 294 2136 melius
329 2096 523 2146 Kiihner,
558 2098 630 2148 qui
661 2101 786 2148 putat
816 2110 911 2138 eam
944 2102 1202 2137 structuram
1234 2100 1289 2137 ad
1321 2100 1645 2137 similitudinem
1676 2100 1783 2149 ejus,
1818 2111 1911 2149 quae
1946 2099 2137 2149 sequitur
2168 2099 2298 2137 verba
2318 2098 2528 2149 privandi,

142 2168 368 2209 formatam
402 2181 508 2210 esse.
543 2169 617 2210 Cir
648 2170 854 2221 exempla,
889 2183 983 2222 quae
1021 2170 1203 2209 contulit
1235 2171 1411 2208 Kiihner
1443 2171 1468 2209 1.
1504 2171 1529 2209 l.
1564 2183 1591 2220 p
1639 2173 1738 2210 228.

84 2239 341 2295 invigilare
372 2243 465 2280 VII.
502 2245 585 2283 766
620 2241 785 2283 cunctis
815 2242 964 2283 scelus.

85 2310 411 2355 intermanere
442 2315 515 2352 Vl.
549 2316 619 2354 47.
655 2313 808 2355 mediis
840 2313 972 2368 aqris.

84 2383 369 2429 occumbere
407 2388 585 2426 verbum
618 2399 714 2427 cnm
747 2390 862 2427 certa
893 2388 1066 2427 ablativi
1100 2387 1238 2426 forma
1268 2387 1542 2439 conjungitur
1574 2387 1644 2426 IV.
1684 2389 1766 2428 165
1801 2385 1968 2440 iynava
2002 2389 2149 2426 morte.
2215 2388 2370 2425 Incerti
2403 2399 2530 2425 casus

138 2458 276 2498 forma
307 2461 498 2510 sequitur
528 2460 570 2498 II
605 2462 687 2501 198
722 2459 875 2514 infesto
908 2459 999 2501 leto.
1033 2462 1094 2502 Μι
1119 2462 1153 2499 Β
1183 2459 1475 2501 succumbere.
1512 2460 1582 2499 IX.
1616 2462 1694 2500 129
1721 2458 1908 2500 Ca’saris
1929 2458 2079 2499 armis.
2104 2459 2178 2499 cfr
2215 2461 2393 2499 Kiihner
2434 2472 2528 2511 pag.

141 2532 223 2571 211
259 2543 296 2570 a.
336 2533 371 2571 1.
406 2532 577 2583 Draeger
620 2533 842 2571 contendit
889 2534 969 2571 hoc
1017 2534 1192 2572 verbum
1224 2536 1267 2571 et
1299 2534 1412 2583 apud
1461 2534 1693 2582 Vergilium
1742 2536 1785 2571 et
1822 2534 1935 2582 apud
1969 2520 2221 2582 posteriores
2254 2545 2351 2571 cum
2385 2534 2531 2571 dativo

139 2603 247 2641 strui
279 2603 423 2644 solere.
478 2604 561 2643 Sed
592 2605 909 2644 observandum
941 2607 1018 2652 est,
1053 2617 1190 2655 neque
1212 2606 1327 2655 apud
1349 2607 1542 2643 nostrum
1565 2617 1701 2655 neque
1723 2606 1836 2654 apud
1860 2605 2043 2654 aequales
2075 2606 2170 2655 ejus
2202 2608 2363 2643 certam
2397 2605 2530 2643 dativi

139 2674 323 2713 formam
354 2678 534 2714 exstare.

80 2754 333 2789 occurrere
367 2745 408 2801 1)
439 2749 605 2799 proprio
637 2761 784 2789 sensu:
816 2749 857 2801 a)
889 2749 1061 2788 dativus
1094 2760 1298 2799 personae.
1332 2748 1385 2787 11.
1421 2749 1477 2788 54
1510 2746 1695 2787 Hiberis.
1731 2749 1801 2787 VI.
1838 2750 1923 2789 298
1957 2746 2166 2788 hostibus.
2201 2749 2274 2788 IX.
2310 2750 2395 2788 397
2420 2746 2534 2788 mihi

139 2830 325 2873 serpens.
370 2819 411 2872 b)
444 2820 616 2860 dativus
647 2821 725 2860 rei:
759 2821 832 2859 III.
870 2822 956 2863 704
984 2818 1223 2874 puppibus.
1258 2821 1298 2858 X
1345 2821 1431 2861 200
1465 2832 1565 2873 qua.»
1597 2818 1787 2872 (sidera)
1817 2820 1932 2873 polo.
1971 2820 2045 2858 Ctr
2076 2820 2364 2859 Claudianum
2396 2821 2531 2859 XVII.

145 2892 244 2934 104.
277 2890 422 2934 sidera
455 2892 677 2935 obluctata
706 2889 846 2948 polol)
881 2891 922 2949 2)
953 2893 1179 2933 translate:
1214 2893 1234 2932 I
1280 2894 1368 2935 480
1400 2891 1630 2946 majorque
1659 2891 1864 2947 ferusque
1896 2890 2114 2933 mentibus
2148 2891 2310 2933 Coesar.
2345 2894 2371 2932 i.
2405 2905 2440 2933 e.
2476 2895 2532 2931 vi-

141 2965 279 3004 detur.
313 2967 386 3015 1V,
420 2967 508 3008 480
539 2965 647 3020 fato.
680 2964 889 3020 (φθάνειν
920 2966 1136 3020 Haskins).
1172 2967 1285 3007 VIII.
1321 2968 1407 3007 436
1443 2965 1520 3007 tibi
1552 2965 1822 3006 monimenta
1857 2964 2007 3006 cladis.

81 3021 323 3069 obducere
353 3039 440 3066 non
472 3027 554 3067 nisi
587 3028 723 3082 teyere
754 3028 1000 3079 significans
1032 3029 1247 3079 reperitur.
1312 3028 1404 3066 Duo
1436 3028 1629 3078 exempla
1660 3028 1804 3064 inveni
1836 3027 1911 3065 III.
1950 3029 2032 3066 735
2067 3026 2216 3066 oculos
2249 3027 2434 3076 tenebroe
2456 3027 2533 3067 ob-

145 3094 314 3138 duxere
343 3101 389 3138 et
419 3099 607 3139 ablativo
638 3100 833 3151 opposita
864 3100 937 3139 IX.
974 3102 1059 3142 109
1092 3103 1227 3154 caput
1256 3098 1386 3153 ferali
1417 3098 1594 3139 amictu.

82 3163 258 3211 offerre
305 3170 382 3215 III.
433 3172 489 3211 43
517 3169 747 3225 puppibus
779 3184 988 3213 accessus.
1020 3172 1093 3213 ΙΙΙ.
1128 3174 1214 3213 608
1245 3170 1427 3225 fratrem
1461 3170 1718 3224 Iuyentibus.
1752 3173 1844 3210 VII.
1881 3175 1967 3212 238
2001 3172 2200 3212 oblatum
2232 3171 2319 3213 sibi
2350 3175 2531 3226 tempus.

141 3241 202 3279 IX
234 3244 292 3282 64
323 3241 524 3296 officium
557 3242 779 3283 manibus.
811 3244 884 3284 IX.
921 3246 1006 3285 209
1039 3242 1113 3284 cui
1142 3248 1216 3295 (=
1238 3243 1456 3295 PompeJ'o)
1487 3255 1618 3284 enses.

82 3309 294 3367 objloere
334 3314 448 3355 VIII.
499 3316 583 3356 796
626 3314 794 3369 Maqno
839 3314 1073 3357 tumulum.
1124 3315 1347 3355 Translate
1379 3333 1438 3346 -——
1468 3315 1675 3365 incusare,
1725 3317 1991 3367 exprobrare.
2043 3317 2115 3355 IX.
2154 3319 2237 3357 188
2273 3316 2530 3370 Pompejum

141 3381 232 3425 deis
262 3386 276 3424 i
307 3399 343 3426 e.
378 3387 481 3427 deos
513 3386 567 3427 de
599 3390 735 3428 morte
766 3387 959 3440 Pompeji
990 3389 1196 3428 incusare.

226 3539 255 3586 ¹)
302 3543 445 3588 Trump
470 3543 495 3578 l.
521 3543 546 3578 1.
572 3553 609 3588 p.
637 3541 693 3578 11.
