2651 3633
128 84 184 123 ¹⁰
2086 97 2097 144 f
2158 103 2161 106 ·
2192 92 2197 97 ’
2240 69 2250 85 ’
2287 133 2298 140 -
2332 52 2335 53 ἢ
2408 97 2632 151 ³

62 203 234 254 passiva
281 203 521 253 apponitur.
585 203 739 249 Verba,
779 202 923 253 qualia
953 204 1057 241 suut
1086 214 1240 249 exuen,
1272 200 1436 243 induere
1465 204 1559 249 cet..
1591 202 1677 242 alio
1706 202 1800 243 loco
1830 201 2059 244 munda
2083 204 2224 245 aunt.
2250 200 2329 245 ³8⁸
2344 202 2561 262 jn&
2601 177 2621 191 ¹⁷

63 275 204 322 verba,
253 286 347 326 quae
394 287 493 315 cum
539 274 824 314 intransitivis
871 274 1108 326 composita
1155 276 1308 326 praeter
1354 274 1649 315 accusativum
1686 273 1820 315 etiam
1852 273 2051 316 dativum
2080 273 2151 315 vel
2181 277 2219 327 ρ’
2286 275 2293 282 ”
2358 321 2361 322 ⁷
2549 314 2557 329 ,-

63 348 143 387 sibi
177 350 408 386 assumunt
439 350 489 386 ut
519 346 697 387 accedere
727 349 823 393 cet„
857 358 973 385 nunc
1004 347 1166 387 omitto.
1230 346 1311 386 Hic
1342 347 1473 399 igitur
1505 347 1558 386 de
1591 347 1643 386 iis
1673 346 1816 387 verbis
1847 333 2071 397 disseram,
2103 358 2201 400 qua
2230 358 2339 388 ωι
2356 344 2559 394 inm

10 433 13 435 ·
62 420 201 457 sitivis
248 420 485 470 composita
522 419 796 457 transitivum
827 418 916 456 vim
949 419 1030 457 sibi
1062 421 1402 469 assumpserunt.
1466 419 1526 458 At
1556 421 1704 458 tamen
1733 420 1969 470 antequam
1997 417 2058 459 ad
2087 429 2141 458 ea
2168 420 2355 476 ΐηιιιρο,
2385 426 2530 472 m

61 492 260 540 quaedam
293 492 423 529 verba
454 491 727 535 enumerabo,
761 501 855 540 quae
887 501 1020 539 quum
1053 491 1262 540 simplicia
1293 501 1441 529 eorum
1472 491 1588 541 apud
1619 492 1768 541 potitus
1798 490 2028 532 transitiva
2059 490 2100 529 vi
2131 478 2314 542 pradita
2339 501 2368 530 a
2386 501 2533 542 proun-

61 563 338 613 scriptoribus
370 563 641 601 intransitive
674 564 945 612 usurpentur,
979 562 1094 613 apud
1125 564 1274 612 poetas
1307 562 1580 601 transitivam
1612 563 1701 601 vim
1731 562 2018 603 retinuerunt.

60 632 239 676 adflare
271 635 342 674 VI.
379 636 480 675 491.
514 634 682 674 humano
712 645 870 684 serpens
900 633 1056 682 adflata
1087 646 1237 674 veneno.

61 703 319 760 deplorare
351 706 421 745 VI.
458 707 542 746 788
574 706 752 744 subolem.

60 774 293 821 exhalare
324 779 397 817 IV.
434 780 489 819 65
522 777 693 817 nebulas.

60 848 342 892 inumbrare
374 850 446 890 IV.
481 851 568 890 456
602 861 746 899 aequor.

59 919 262 975 perflare
294 922 364 960 IX.
405 923 491 961 349
523 933 739 960 marmora.
772 920 1008 971 (Heinsius)
1041 921 1175 960 Codd.
1212 922 1374 960 habent
1403 933 1610 961 murmura
1641 925 1718 960 aut
1743 922 1875 962 litora.

277 995 327 1030 In
365 995 416 1030 iis
464 995 604 1031 verbis
636 994 915 1042 proferendis,
950 1005 1129 1042 quorum
1162 994 1371 1042 simplicia
1402 1005 1571 1044 semper
1601 995 1875 1032 intransitiva
1905 997 2020 1042 sunt,
2053 995 2107 1033 ab
2139 994 2191 1031 iis
2222 994 2392 1044 incipio,
2428 1005 2523 1044 quae

59 1080 157 1104 cum
189 1068 561 1115 praepositionibus
593 1068 887 1103 accusativum
920 1068 1166 1114 regentibus
1198 1068 1434 1114 composita
1466 1071 1580 1105 sunt.

58 1134 216 1179 adfari
248 1139 301 1176 11.
336 1140 420 1178 632
456 1141 603 1176 natum.
639 1139 710 1175 Vl.
747 1139 833 1177 589
866 1151 983 1186 quam
1015 1135 1228 1190 (Erichto).
1263 1139 1377 1179 VIII.
1404 1140 1489 1178 110
1511 1138 1716 1188 Maqnum.

57 1206 194 1251 adire
241 1209 283 1261 a)
321 1210 592 1248 accusativus
632 1222 723 1248 rem
756 1209 988 1259 significat:
1021 1209 1096 1249 ΙΙΙ.
1133 1211 1218 1251 208
1252 1208 1503 1251 Moeamlron.
1536 1210 1610 1250 VI.
1648 1212 1732 1251 773
1766 1210 1941 1260 oracula,
1974 1211 2088 1251 VIII.
2126 1212 2209 1251 162
2243 1210 2369 1251 urbes.
2402 1210 2522 1251 VIII.

121 1281 218 1334 251.
252 1285 288 1322 te
318 1279 554 1335 (Phaselis).
590 1283 663 1322 IX.
700 1283 785 1323 347
814 1282 1013 1332 paludem.
1050 1283 1091 1332 b)
1123 1283 1265 1332 agitur
1297 1283 1350 1321 de
1381 1295 1582 1333 persona:
1616 1283 1733 1322 VIII.
1769 1285 1853 1324 232
1882 1295 1942 1323 me
1961 1279 2211 1338 (Magnum).
2236 1283 2289 1323 X.
2313 1284 2385 1325 83.
2409 1296 2521 1333 quem

135 1354 375 1394 Caesarem.

56 1354 254 1482 adioqui
288 1353 465 1470 ΙΙ.)530
497 1426 680 1467 cohortes.
715 1427 842 1467 Nullo
875 1439 977 1467 casu
1009 1427 1180 1479 adjecto
1214 1430 1356 1467 exstat
1386 1427 1458 1469 IX.
1494 1429 1595 1470 612.

55 1496 390 1542 circumfluere
430 1499 641 1539 translata
676 1499 987 1550 significatione
1020 1500 1152 1539 semel
1184 1502 1416 1551 usurpatur
1447 1500 1524 1541 111.
1561 1501 1646 1542 421
1682 1500 1824 1541 robora
1839 1499 2057 1551 mmpleaeos
2086 1499 2400 1550 circumfluxisse
2429 1499 2523 1543 dra-

115 1584 237 1622 cones,
285 1573 358 1611 ubi
406 1573 462 1610 ad
508 1573 688 1611 verbum
735 1572 954 1622 complexos
986 1584 1152 1623 quoque
1184 1574 1455 1612 accusativus
1487 1574 1685 1623 pertinet.
1719 1573 1827 1611 Edd.
1864 1575 1966 1612 vett.
2001 1573 2263 1623 scripserunt
2293 1572 2520 1622 circumful-

115 1644 222 1684 sisse.
256 1644 306 1684 G.
341 1645 473 1683 habet
504 1643 820 1692 civ-cumfleaeisse.
854 1644 1018 1683 Harum
1051 1645 1358 1695 scripturarum
1390 1647 1543 1684 neutra
1575 1645 1680 1684 satis
1714 1645 1871 1684 bonam
1903 1645 2164 1685 sententiam
2194 1645 2371 1696 praebet.

54 1714 311 1758 circumite
359 1718 535 1755 verbum
577 1717 630 1754 de
662 1717 789 1755 rebus
820 1717 1022 1755 inanimis
1055 1729 1223 1767 semper
1254 1720 1486 1767 usurpatur
1517 1717 1686 1768 propria
1717 1717 2040 1767 significatione.
2072 1717 2106 1757 Ι.
2142 1718 2228 1758 606
2263 1717 2406 1758 urbem.
2442 1717 2520 1758 IV.

114 1790 204 1830 464
251 1789 349 1828 hanc
395 1784 597 1843 (molem).
648 1789 698 1827 V.
747 1790 834 1829 463
883 1801 1000 1838 quam
1031 1787 1259 1841 (tellurem)
1295 1790 1351 1827 VI
1399 1790 1485 1830 223
1518 1789 1685 1829 hastam.
1718 1789 1812 1827 VII.
1842 1790 1928 1830 663
1961 1788 2074 1840 signa
2103 1791 2141 1829 et
2171 1791 2362 1831 catervas.
2399 1789 2516 1830 VIII.

115 1862 202 1903 200
234 1861 380 1902 loevum
412 1872 540 1902 axem.
570 1861 647 1900 IX.
684 1863 769 1902 915
803 1860 944 1901 ultima
974 1863 1195 1901 castrorum
1226 1862 1300 1902 IX.
1336 1862 1424 1903 964
1454 1873 1588 1901 nomen
1624 1860 1766 1911 Trojoe.
1799 1860 1850 1902 X.
1887 1862 1941 1901 17
1974 1860 2133 1913 templa.

53 1931 279 1976 incedere
310 1934 365 1972 II.
402 1936 487 1974 675
512 1933 678 1982 fretum.
742 1983 748 1989 ὴ

52 2003 292 2048 incessere
323 2006 440 2047 VIII.
477 2007 533 2046 64
558 2005 708 2054 satum.

52 2074 244 2131 ingredi
275 2078 317 2116 11
351 2079 436 2119 503
462 2077 648 2126 fluvium.
683 2078 756 2117 IX.
793 2079 879 2119 378
911 2077 1081 2117 harenas
1112 2095 1172 2111 -—-
1204 2078 1279 2117 IX.
1315 2079 1418 2119 395.
2516 2131 2534 2135 ᾳ

51 2147 178 2193 inire
224 2152 437 2191 translata
483 2151 794 2202 significatione
841 2152 1023 2191 occurrit
1068 2152 1120 2191 X.
1170 2153 1225 2192 97
1273 2150 1374 2191 nim
1408 2150 1519 2200 juris
1562 2149 1732 2201 paterni.
1796 2150 1943 2201 Neque
1990 2151 2106 2201 apud
2153 2151 2350 2190 nostrum
2380 2162 2520 2202 neque

111 2224 226 2274 apud
260 2223 410 2262 Silium
443 2224 641 2262 Italicum
673 2224 842 2274 propria
874 2223 1184 2274 significatione
1216 2225 1460 2273 usurpatur.

50 2292 280 2338 invadere
327 2291 368 2351 a)
398 2296 566 2348 proprio
605 2308 735 2335 sensu
766 2296 939 2347 ponitur
970 2296 1002 2336 I.
1038 2297 1137 2337 231.
1172 2294 1342 2336 vicinum
1372 2294 1610 2336 Ariminum.
1645 2295 1706 2333 IX
1750 2296 1839 2337 830
1869 2306 2039 2336 manum.
2073 2295 2126 2336 X.
2160 2296 2246 2337 355
2272 2294 2439 2337 donnum.
2478 2295 2522 2348 b)

110 2369 322 2408 translata
369 2369 679 2420 significatione
726 2372 983 2420 usurpatum
1030 2372 1190 2409 exstat:
1242 2369 1273 2409 I.
1320 2370 1405 2409 242
1437 2368 1578 2418 clipeos
1608 2372 1669 2402 Ξ
1699 2368 1891 2408 invenire
1923 2367 2009 2408 Otr.
2043 2367 2104 2408 St.
2137 2368 2246 2410 Ach.
2281 2369 2369 2410 292
2401 2380 2519 2409 arma

109 2441 304 2481 invadere.
339 2442 392 2480 II.
429 2443 515 2482 315
548 2453 608 2480 me
629 2441 758 2489 ferro.
795 2442 868 2482 IX.
907 2443 991 2482 198
1015 2441 1188 2490 serrum.
1222 2441 1295 2481 IX.
1330 2442 1418 2482 410
1449 2440 1597 2480 invasit
1629 2440 1754 2490 Libye
1775 2440 1874 2489 fata
1907 2438 2078 2481 Catonis.

49 2510 213 2555 invehi
246 2514 363 2554 VIII.
399 2514 487 2554 554
520 2512 691 2553 invectus
725 2511 933 2563 Capitolia.
2066 2548 2079 2559 ,

48 2583 268 2628 Invenire
300 2586 331 2626 I.
370 2587 438 2626 34.
473 2587 506 2626 I.
542 2588 641 2627 333.
676 2586 730 2626 ΙΙ.
767 2586 866 2627 239.
900 2586 976 2627 III.
1014 2588 1111 2627 125.
1146 2586 1221 2626 ΙΙΙ.
1257 2586 1357 2626 582.
1389 2585 1464 2626 ΙΙΙ.
1500 2587 1601 2626 671.
1634 2585 1710 2630 III.
1748 2586 1846 2626 732.
1879 2585 1952 2625 IV.
1985 2586 2056 2626 62.
2089 2585 2163 2627 IV.
2198 2586 2298 2628 360.
2332 2585 2385 2624 V·
2419 2585 2518 2627 140.

109 2658 157 2697 V.
209 2660 307 2698 188.
342 2658 393 2697 V.
429 2660 527 2698 326.
562 2658 612 2698 V.
647 2660 747 2699 407.
782 2659 832 2697 V.
867 2660 967 2698 513.
1004 2658 1062 2695 VI
1095 2659 1195 2698 280.
1230 2658 1302 2697 VI.
1338 2659 1437 2698 631.
1473 2658 1566 2696 VII.
1604 2659 1703 2698 167.
1738 2657 1831 2696 VII.
1868 2658 1967 2698 753.
2002 2656 2097 2697 VH.
2130 2658 2234 2698 475.
2269 2657 2384 2698 VIII.
2421 2656 2517 2697 774.

107 2730 181 2770 ΙΧ.
218 2731 287 2769 93.
322 2729 395 2768 ΙΧ.
434 2730 562 2770 1030.
597 2730 636 2767 X
670 2732 769 2771 397.
803 2730 856 2769 X.
891 2731 994 2770 411.
1855 2761 1861 2767 .

47 2799 199 2843 obire.
251 2801 322 2840 VI.
373 2802 460 2842 205
507 2801 671 2841 vulnera
717 2819 777 2835 z
824 2802 977 2847 subire,
1026 2813 1071 2839 se
1119 2802 1315 2852 objicere.
1380 2802 1477 2839 Alia
1524 2800 1834 2851 significatione
1865 2817 1926 2834 ——-
1957 2800 2214 2851 perlustrare
2247 2802 2389 2839 exstat
2420 2798 2515 2839 VII.

108 2874 194 2914 565
227 2872 436 2913 cadavera.

46 2941 270 2988 obsidere
300 2945 375 2985 111.
410 2946 509 2988 350.
543 2945 616 2986 IV.
653 2947 722 2987 94.
757 2945 830 2985 IV.
868 2947 965 2988 502.
1001 2946 1050 2986 V.
1086 2946 1187 2987 450.
1225 2945 1294 2986 VI.
1333 2946 1432 2986 117.
1468 2944 1537 2984 VI.
1573 2944 1673 2986 501.
1707 2944 1760 2984 X.
1794 2945 1895 2986 490.
1927 2944 1980 2986 X.
2016 2945 2116 2987 546.

44 3027 299 3073 pererrare
332 3018 403 3057 VI.
437 3020 523 3060 625
556 3031 734 3070 corpora.

43 3088 263 3145 pejerare
295 3088 364 3143 (de
397 3091 527 3142 hujus
560 3092 676 3131 verbi
710 3092 1016 3141 compositione
1049 3091 1125 3131 cfr.
1162 3090 1276 3129 Stolz
1310 3090 1380 3129 Gr.
1415 3102 1455 3140 p.
1492 3089 1593 3140 ⁶270)
1627 3090 1809 3129 occurrit
1839 3090 1912 3131 VI.
1950 3091 2034 3132 749
2069 3089 2230 3142 Stygias
2260 3089 2400 3131 undas.

43 3160 297 3216 praeterire
330 3163 381 3201 V.
419 3165 502 3203 719
536 3163 668 3204 litora.

43 3233 386 3287 superenatare
433 3235 506 3274 IV.
561 3236 643 3275 134
692 3246 855 3273 amnem.
890 3235 1023 3274 Codd.
1066 3237 1241 3284 excepto
1274 3235 1366 3273 cod.
1402 3233 1439 3272 G
1473 3234 1635 3272 habent
1664 3233 1936 3283 superemicat,
1970 3245 2100 3285 quam
2133 3235 2389 3285 scripturam
2419 3233 2514 3272 reti-

103 3306 198 3344 nuit
244 3306 416 3345 Hosius.
481 3307 721 3356 Utrumque
755 3307 933 3345 verbum
965 3307 1230 3345 rarissimum
1263 3310 1341 3345 est.
1407 3305 1703 3356 Superemicare
1732 3306 1848 3356 apud
1876 3306 2090 3345 Avienum
2122 3308 2290 3345 exstare
2321 3304 2515 3344 Cavallin
