2651 3633
85 788 379 948 Duobus
425 858 635 910 praecipue
681 858 821 898 modis
871 858 1161 910 comparativa
1204 858 1273 897 vel
1303 859 1445 909 potius
1476 859 1678 898 historica
1708 858 1782 897 illa
1812 860 2188 909 grammaticorum
2220 859 2446 910 disciplina
2477 860 2534 900 ad

135 968 140 975 ,
270 941 519 982 progressus
565 930 759 981 syntaxis
805 930 1048 982 linguarum
1095 933 1287 969 veterum
1318 931 1463 971 valuit.
1526 931 1717 969 Primum
1748 934 1826 977 est,
1861 931 1975 981 quod
2006 930 2241 970 formarum
2273 931 2458 981 origines
2488 935 2535 971 et

83 1001 415 1054 significationes
460 1001 714 1054 principales
760 1002 1000 1053 explicavit,
1047 1014 1142 1054 quae
1179 1014 1246 1042 res
1277 1002 1334 1041 ad
1365 1005 1601 1041 structuras
1633 1002 1893 1053 syntacticas
1925 1002 2219 1053 percipiendas
2253 1003 2429 1042 maximi
2461 1006 2532 1043 est

84 1074 304 1116 momenti.
365 1074 532 1114 Deinde
577 1074 731 1124 effecit,
777 1076 828 1113 ut
857 1074 928 1113 via
957 1077 1002 1113 et
1032 1072 1260 1114 methodus
1291 1075 1383 1125 ipsa
1414 1076 1678 1114 commutata
1709 1075 1777 1113 sit.
1842 1074 1951 1112 Nam
1983 1074 2025 1123 ii,
2058 1074 2130 1125 qui
2161 1075 2207 1113 in
2241 1075 2320 1114 hac
2351 1075 2533 1115 scientia

84 1145 152 1185 bis
197 1146 401 1198 proximis
446 1145 664 1186 decenniis
707 1146 866 1192 versati
909 1148 1024 1195 sunt,
1073 1157 1160 1186 non
1192 1146 1318 1186 modo
1349 1147 1474 1186 certae
1505 1146 1733 1198 cujusdam
1765 1146 1904 1185 aetatis
1936 1146 2143 1185 sermonis
2175 1147 2530 1187 consuetudinem

84 1219 413 1270 descripserunt,
445 1219 523 1258 sed
568 1219 699 1258 etiam
745 1219 957 1270 quomodo
1003 1219 1182 1270 singulae
1228 1221 1452 1258 structurae
1498 1230 1572 1270 per
1617 1230 1753 1257 annos
1785 1221 2059 1257 commutatae
2091 1219 2191 1265 sint,
2226 1223 2527 1270 exposuerunt.

83 1290 210 1340 Quid,
242 1282 596 1342 quod'nonnulli,
627 1294 678 1331 ut
707 1291 861 1331 Ziemer
872 1287 899 1340 ¹,
947 1293 1100 1342 quibus
1133 1292 1271 1330 modis
1302 1295 1347 1330 et
1377 1292 1546 1342 legibus
1578 1294 1802 1329 structurae
1833 1292 1944 1329 inter
1975 1303 2021 1329 se
2052 1292 2294 1330 cohaereant
2324 1295 2369 1330 et
2399 1304 2529 1342 quam

82 1363 170 1402 vim
201 1362 285 1403 alia
315 1363 371 1402 ad
403 1363 532 1403 aliam
563 1362 834 1403 formandam
866 1363 1075 1410 habuerit,
1094 1375 1302 1414 exponere
1333 1364 1474 1402 conati
1506 1365 1621 1402 sunt.
1674 1362 1837 1401 Tamen
1869 1363 1904 1400 si
1936 1363 2004 1401 his
2036 1363 2191 1401 studiis
2222 1375 2310 1402 non
2341 1364 2529 1403 multum

0 1469 5 1478 ,
82 1437 211 1486 atque
242 1435 558 1487 exspectatione
589 1435 772 1475 fortasse
804 1435 947 1474 minus
978 1435 1217 1486 profectum
1249 1435 1318 1483 sit,
1336 1435 1416 1474 hoc
1436 1435 1496 1474 rei
1517 1435 1611 1486 ipsi,
1635 1446 1723 1473 non
1744 1435 1846 1472 viris
1867 1435 2144 1474 tribuendum
2165 1438 2245 1476 est.
2278 1436 2528 1475 Formarum

81 1508 195 1547 enim
242 1508 599 1547 commutationes
646 1520 775 1559 quum
822 1508 941 1547 nulla
986 1508 1247 1548 conscientia
1290 1510 1449 1559 ‘natura
1494 1509 1587 1558 ipsa
1632 1508 1880 1558 plerumque
1926 1507 2045 1555 fiant,
2079 1508 2135 1546 ad
2167 1508 2381 1559 simplices
2411 1509 2527 1559 leges

80 1579 249 1619 facilius
280 1581 467 1619 revocari
499 1583 693 1631 possunt.
757 1580 995 1618 Structurae‘
1020 1581 1166 1618 autem
1198 1581 1447 1630 syntacticae
1493 1580 1640 1630 quales
1671 1579 1779 1617 fiant
1800 1582 1844 1617 et
1874 1573 2204 1627 commutentur,
2238 1581 2283 1618 in
2314 1581 2526 1631 loquentis

80 1652 254 1691 arbitrio
285 1663 399 1703 saepe
427 1653 615 1703 positum
648 1655 728 1702 est,
760 1654 909 1703 totque
940 1664 1007 1691 res
1038 1652 1095 1690 ad
1126 1664 1198 1690 eas
1230 1652 1553 1691 constituendas
1586 1652 1744 1700 valent,
1778 1654 1827 1697 ut
1857 1655 1982 1691 certae
2004 1652 2120 1702 leges
2141 1654 2526 1692 commutationum

80 1735 226 1762 earum
257 1724 329 1762 vix
358 1724 540 1774 perspici
570 1724 748 1775 possint.
799 1724 892 1772 Quo
923 1724 1087 1763 factum
1119 1726 1197 1770 est,
1232 1727 1293 1772 ut,
1327 1725 1398 1774 qui
1430 1724 1600 1773 syntaxi
1632 1735 1804 1774 operam
1837 1725 2060 1770 dederunt,
2093 1736 2179 1763 non
2202 1725 2314 1766 ultra
2335 1726 2525 1772 staticas,

79 1807 174 1845 quae
220 1798 440 1842 vocantur,
485 1796 828 1834 enumerationes
859 1806 1089 1845 earumque
1120 1795 1541 1845 comprehensionem
1571 1797 1782 1845 progressi
1814 1796 1902 1834 sint
1911 1791 1938 1835 ².
2003 1795 2087 1834 Sed
2118 1808 2212 1846 quae
2243 1797 2523 1846 protulerunt,

78 1866 255 1906 minime
301 1867 574 1923 despicienda
620 1869 732 1907 sunt.
794 1867 906 1905 Nam
953 1867 1165 1917 quomodo
1211 1879 1286 1917 per
1322 1869 1472 1906 aetates
1503 1868 1762 1907 variaverint
1794 1871 2019 1909 structurae
2050 1868 2340 1918 grammatic&
2372 1868 2523 1907 forma-

77 1950 257 1990 rumque
288 1951 407 1987 usus,
441 1940 563 1991 quasi
594 1939 675 1979 sub
707 1950 793 1978 uno
824 1941 1001 1990 aspectu
1032 1938 1288 1989 perlustrare
1320 1950 1456 1989 posse,
1491 1939 1570 1979 hoc
1601 1940 1695 1990 quis
1726 1940 1845 1991 parvi
1878 1938 2094 1979 aestimet?

76 2065 86 2068 ᾖ
257 2011 341 2050 Sed
388 2022 537 2050 omnes
585 2012 811 2062 scriptores
857 2011 1048 2049 omnium
1080 2013 1257 2049 aetatum
1289 2012 1543 2061 perscrutari
1575 1992 1661 2050 non
1694 2012 1821 2050 unius
1852 2012 1930 2050 viri
1963 2014 2041 2052 est.
2106 2012 2257 2063 Itaque
2288 2024 2419 2063 quum
2452 2024 2520 2051 ne-

77 2084 255 2123 cessitas
286 2084 392 2123 mihi
422 2084 624 2136 imposita
663 2086 788 2130 esset,
820 2085 870 2122 ut
900 2094 969 2122 me
999 2084 1042 2121 in
1074 2083 1314 2140 litterarum
1332 2083 1562 2122 latinarum
1585 2084 1727 2123 studio
1760 2086 1976 2123 versatum
1998 2095 2092 2123 esse
2129 2084 2360 2135 specimine
2381 2084 2522 2136 aliquo

77 2156 428 2204 demonstrarem,
475 2168 563 2196 non
611 2157 737 2208 plane
776 2167 954 2208 ,operam
995 2167 1064 2195 me
1095 2156 1358 2206 perditurum
1391 2167 1485 2195 esse
1515 2157 1676 2207 putavi,
1711 2157 1759 2203 si,
1793 2157 2004 2207 quomodo
2036 2157 2165 2196 verba
2197 2168 2296 2196 cum
2326 2158 2521 2208 praeposi-

74 2222 263 2268 tionibus
294 2229 530 2280 composita
561 2230 676 2280 apud
708 2229 927 2267 Lucanum
959 2231 1189 2275 struantur,
1222 2231 1417 2267 accurate
1448 2231 1751 2279 perscrutatuS,
1784 2229 1978 2279 exempla
2008 2229 2184 2267 collecta
2205 2229 2250 2267 in
2272 2240 2358 2268 uno
2379 2229 2521 2269 libello

74 2300 319 2340 edidissem.
383 2301 475 2340 Hoc
520 2313 652 2352 quum
700 2301 899 2349 facerem,
944 2292 1182 2350 Osierberqii
1214 2300 1392 2351 vestigia
1423 2302 1595 2339 secutus
1627 2312 1735 2347 sum,
1770 2302 1841 2350 qui
1874 2301 2040 2339 duabus
2072 2302 2518 2348 commentationibus,

74 2370 254 2422 quarum
299 2373 595 2423 inscriptiones
641 2372 755 2410 infra
799 2372 1042 2418 afferentur,
1082 2372 1186 2410 alios
1233 2374 1380 2421 poetas
1428 2373 1567 2422 epicos
1607 2372 1802 2422 ejusdem
1834 2372 1985 2417 aetatis,
2020 2383 2104 2421 qua
2136 2372 2273 2422 viguit
2304 2372 2517 2422 Lucanus,

73 2443 233 2494 optime
263 2444 477 2484 tractavit.
510 2445 652 2495 Atque
684 2444 719 2483 si
751 2445 817 2483 cui
850 2444 984 2483 artius
1015 2444 1072 2482 ad
1102 2445 1197 2494 eJ‘us
1228 2444 1341 2482 latus
1373 2456 1442 2482 me
1473 2444 1707 2494 applicasse
1740 2444 1894 2489 videar,
1927 2455 2058 2493 quum
2086 2444 2238 2482 eadem
2259 2443 2348 2482 fere
2377 2456 2520 2483 rerum

73 2515 361 2563 collocatione,
410 2527 493 2566 qua
540 2516 624 2566 ille,
657 2527 762 2554 usus
806 2516 900 2563 sim,
950 2516 1031 2554 hoc
1075 2515 1179 2554 mihi
1226 2516 1329 2554 vitio
1360 2527 1414 2554 ne
1445 2516 1620 2555 tribuas.
1685 2515 1795 2553 Nam
1827 2526 1876 2553 eo
1909 2515 2077 2553 facilius
2109 2515 2378 2566 scriptorum,
2413 2528 2519 2567 quos

71 2587 364 2635 tractavimus,
398 2589 605 2627 sermonis
636 2600 741 2627 usus
772 2588 884 2631 inter
914 2600 960 2627 se
992 2588 1226 2638 comparari
1256 2591 1450 2638 possunt.

253 2660 317 2699 De
348 2660 507 2700 Lucani
539 2661 747 2699 sermonis
779 2661 1088 2700 consuetudine
1119 2660 1380 2710 scripserunt
1411 2672 1542 2710 quum
1564 2661 1635 2699 alii
1656 2663 1749 2699 tum
1774 2656 2036 2710 Obermeier‚³
2068 2662 2139 2711 qui
2163 2662 2336 2712 quidem
2359 2662 2518 2700 multas

71 2743 153 2782 res,
188 2743 285 2783 quae
316 2732 398 2772 hoc
428 2733 570 2773 libello
601 2735 854 2780 tractantur,
888 2735 1015 2771 antea
1046 2732 1235 2783 protulit.
1298 2732 1379 2771 Hic
1410 2744 1540 2783 quum
1573 2744 1658 2772 non
1690 2734 1847 2781 omnia,
1881 2745 1974 2784 quae
2007 2734 2090 2773 huc
2121 2735 2351 2785 pertinent,
2400 2747 2512 2775 com-

71 2805 222 2856 plexus
270 2806 339 2856 sit,
387 2805 466 2844 has
513 2817 580 2845 res
628 2806 784 2845 iterum
830 2805 1073 2844 examinare
1118 2816 1204 2843 nou
1253 2804 1457 2844 dubitavi.
1522 2805 1617 2844 Uno
1649 2806 1716 2843 vel
1748 2806 1915 2845 duobus
1947 2807 2049 2845 locis
2082 2807 2288 2858 exempla,
2323 2819 2418 2859 quae
2449 2820 2518 2848 me

67 2877 284 2928 fugerunt,
318 2889 370 2916 ex
401 2879 496 2930 eius
527 2878 669 2917 libello
701 2878 929 2927 desumpta
959 2879 1073 2915 sunt.

192 3175 195 3176 ⁷
249 3170 264 3196 ¹
290 3171 343 3209 H.
369 3171 519 3210 Ziemer
541 3175 800 3219 Junggramm.
826 3174 1036 3218 Streifziige
1060 3174 1112 3208 im
1138 3174 1274 3209 Gebiet
1298 3174 1364 3209 der
1389 3174 1544 3218 Syntax.
1571 3172 1605 3210 2.
1633 3176 1732 3210 Aufl.
1758 3176 1917 3220 Colberg
1942 3174 2047 3211 1883.

245 3230 263 3257 ²
286 3234 352 3269 Otr
375 3244 460 3278 quae
485 3234 697 3279 disputavit
722 3231 924 3280 Streitbcry
948 3234 988 3269 in
1013 3233 1222 3275 annalibus,
1250 3233 1316 3279 qui
1341 3234 1599 3271 inscribuntur
1624 3232 1882 3282 Indoqerman.
1920 3233 2190 3284 Forachunyen.
2229 3239 2308 3272 Vol.
2336 3239 2402 3273 111.
2441 3240 2514 3273 An—

65 3293 188 3341 zeiger
211 3291 236 3328 3
260 3303 344 3338 pag.
371 3292 442 3329 175
467 3305 523 3339 sq.

248 3352 266 3378 ⁸
289 3355 386 3391 Vide
408 3355 518 3391 intra
