2651 3633
2402 85 2453 124 11

102 206 275 254 nm
287 206 370 249 est
377 158 515 261 (08ν.
547 203 644 245 Lex.
676 198 759 245 hoe
788 199 898 259 vb)·
910 206 1188 256 supernatare
1221 179 1337 256 apud
1375 204 1584 244 Alcimum
1623 205 1839 244 invenitur
1871 201 2091 258 (Georgesz
2112 203 2224 256 lex..)
2258 204 2341 244 Sed
2363 203 2516 262 melius

88 265 1077 332 -ndmbnflamhocquadrarevideturq
1167 279 1230 286 ·“
2114 294 2132 314 0

57 344 414 410 tum
421 347 511 389 ΠΙ.
552 345 648 391 999
685 347 873 401 Alpem-
895 348 960 389 De
995 349 1078 389 hoe
1105 349 1247 396 verbo,
1280 349 1395 400 quod
1428 346 1553 397 ἅπαξ
1584 346 1823 403 εἰρημένον
1853 351 1933 397 est,
1969 349 2068 388 Fiek
2098 348 2187 400 egit
2201 344 2241 402 ¹)
2276 348 2406 388 Putat
2423 348 2517 388 ‘hoc

66 432 70 436 ’
127 412 311 463 'verbim
336 419 395 474 sd
423 411 667 472 analogiam
697 420 816 460 verbi
843 431 1129 472 supereminere
1158 420 1307 460 fictum
1339 432 1447 462 esse.
1482 418 1557 460 cfr
1587 420 1638 460 V.
1664 422 1763 462 594.
1778 420 1973 472 fraqilem
1992 431 2113 471 super
2139 420 2347 460 volitantia
2367 420 2516 460 malum

119 492 222 543 da,
254 492 327 547 ubi
357 492 539 532 verbnm
569 503 597 530 a
618 492 923 543 praepositione
952 494 997 531 et
1027 492 1073 530 iu
1103 492 1226 532 codd
1260 495 1304 531 et
1334 494 1389 531 ab
1419 493 1517 532 edd.
1550 493 1805 544 sejungitur.

60 565 396 612 trum
421 562 478 609 .V.
509 563 597 605 406
629 565 739 604 toeea.

61 632 270 681 mnatre
299 632 341 688 a)
370 636 539 687 proprio
569 647 701 675 sensu
730 652 792 670 Ξ
821 636 1062 687 transgredi
1093 636 1165 675 VI.
1200 637 1287 678 290
1318 636 1536 676 munimina
1568 636 1679 682 valli,
1712 637 1935 678 V111.432
1963 636 2136 676 Araxen.
2159 636 2232 676 IX.
2259 639 2343 677 975
2368 636 2512 676 vivum.

120 709 166 759 b)
194 724 256 741 =
285 706 554 758 transfigere:
588 707 651 745 111
696 708 783 748 466
815 707 951 747 lancea
972 719 1092 747 unum
1123 707 1228 747 latus
1258 705 1299 760 (i.
1324 720 1361 749 e.
1384 721 1519 747 unum
1542 708 1709 759 virum).
1734 708 1773 760 c)
1794 726 1854 741 ε
1876 709 2107 759 praeterire:
2133 708 2246 747 VIII.
2272 710 2359 749 822
2383 720 2515 747 nomen

118 778 299 831 Pompeii
342 775 402 833 (in
447 779 577 819 busto
621 779 913 835 insculptum)
962 780 1098 833 d)—
1037 797 1098 802 -
1128 780 1394 826 antecellere,
1439 783 1661 831 praestare:
1696 780 1747 820 11.
1782 783 1867 822 565
1902 779 2142 831 Pompejum.
2180 781 2248 820 VI.
2283 782 2370 821 437
2416 777 2514 830 qa'as

120 848 454 904 (Haemonides).
504 851 785 891 Afferendum
833 854 938 903 puto
994 852 1110 906 VIII.
1159 854 1216 894 20
1248 851 1420 892 transire
1442 864 1522 902 per
1552 853 1665 891 urbes
1707 853 1896 891 Haskins
1928 853 2020 892 cod.
2055 853 2105 892 U.
2163 855 2347 899 secutus,
2384 852 2515 892 orbem

122 922 303 974 scripsit,
335 933 430 974 quae
468 923 678 974 scriptura
710 923 928 962 meliorem
959 924 1220 962 sententiam
1251 924 1424 974 praebet.
1488 924 1610 961 Idem
1642 924 1730 962 fere
1762 924 1986 974 significat,
2019 924 2134 974 quod
2165 923 2340 963 transire
2369 923 2510 963 orbem.

60 990 424 1038 transscendere
455 995 488 1033 L
523 996 611 1036 304
642 994 771 1033 Rom
801 995 1028 1041 concutitur,
1060 1007 1178 1045 quam
1207 995 1244 1034 si
1274 994 1577 1033 transcenderit
1607 996 1725 1044 Alpes
1749 996 1954 1035 Hannibal
1975 995 2078 1035 Cod
2104 995 2182 1033 VG
2210 997 2237 1033 b
2259 999 2304 1033 et
2324 996 2513 1033 Haskins

119 1066 418 1107 transeundae.
450 1067 524 1106 IV.
560 1069 645 1107 175
677 1068 835 1106 vallum.
854 1069 940 1106 -VI.
970 1070 1070 1108 325.

59 1135 331 1196 transsssiro
362 1139 413 1177 V.
448 1141 535 1179 512
559 1139 730 1178 membra
756 1139 930 1188 vigilum.

347 1209 427 1249 His
473 1210 614 1250 allatis
661 1223 713 1250 ea
759 1211 888 1250 verba
927 1212 1304 1258 enumerabuntur,
1337 1223 1431 1261 quae
1464 1224 1561 1250 cum
1593 1213 1963 1262 praepositionibus
1994 1213 2233 1252 ablativum
2265 1213 2512 1262 regentibus

113 1283 348 1342 composita
381 1285 496 1323 sunt.

61 1350 334 1412 praeoedere
379 1350 420 1410 a)
449 1373 511 1390 z
540 1356 716 1402 anteire,
749 1356 1013 1397 antevenire:
1063 1356 1104 1395 11
1163 1357 1249 1398 692
1288 1356 1405 1408 Virqo
1438 1356 1586 1399 Chelas.
1621 1358 1695 1398 III.
1734 1359 1819 1399 750
1851 1357 1969 1397 letum
1998 1356 2097 1397 nati.
2133 1357 2206 1397 IX.
2238 1357 2328 1399 400
2359 1359 2513 1397 turmas

83 1480 86 1483 ,
121 1427 199 1471 lx.
234 1428 320 1470 587
352 1440 424 1469 ora
454 1427 606 1469 militis.
639 1427 683 1481 b)
714 1446 774 1463 z
804 1428 1055 1469 antecellere
1086 1428 1200 1470 VIII.
1236 1430 1324 1472 330
1355 1443 1448 1481 quos
1483 1430 1644 1479 (viros).

59 1496 259 1555 pmltbl
305 1499 377 1540 VI.
429 1502 484 1543 76
530 1499 694 1542 menia.
743 1501 897 1540 Utrum
944 1501 1000 1541 ad
1045 1502 1388 1553 praepositionem
1410 1502 1535 1553 juxta
1565 1502 1813 1542 referendus
1846 1503 1903 1542 sit
1933 1503 2204 1542 accusativus
2236 1514 2292 1542 an
2324 1514 2351 1542 a
2381 1502 2510 1542 verbo

110 1566 290 1622 praeldbi
333 1573 521 1623 pendeat
565 1576 610 1612 et
651 1585 726 1624 pro
772 1574 973 1613 adverbio
1013 1574 1307 1624 accipiendum
1339 1576 1396 1613 sit
1426 1575 1603 1614 verbum
1627 1575 1764 1624 juxta,
1797 1575 1840 1613 in
1872 1575 2052 1614 dubium
2091 1575 2231 1613 vocari
2263 1577 2406 1625 potest
2436 1575 2510 1616 IX.

120 1634 205 1685 355
241 1642 369 1695 Quam
390 1644 516 1695 juxta
542 1631 693 1685 'Lethon
727 1644 870 1685 tacitus
894 1645 1142 1695 praelabitur
1171 1645 1312 1686 amnis.

59 1714 289 1771 praestnm
334 1716 467 1769 a)-
406 1745 467 1750 —-
498 1718 698 1768 praebere,
746 1717 983 1768 significare
1030 1718 1097 1756 his
1138 1718 1241 1756 locis
1287 1719 1486 1758 occurrit·
1527 1719 1582 1760 ΙΙ.
1617 1720 1703 1759 229
1736 1719 1808 1758 IV
1844 1719 1913 1765 24,
1948 1720 2047 1758 213.
2081 1719 2128 1758 V.
2162 1719 2233 1767 42,
2270 1720 2369 1766 593,
2407 1721 2505 1758 771.

118 1788 192 1833 VI.
242 1783 343 1837 234,
393 1790 492 1831 830.
541 1789 635 1830 VII.
670 1791 769 1836 563,
804 1790 905 1837 674,
939 1791 1039 1837 682,
1076 1792 1174 1839 721,
1209 1791 1309 1831 854.
1344 1790 1458 1829 VIH.
1497 1792 1594 1837 141,
1630 1793 1728 1836 256,
1763 1792 1863 1843 323,
1895 1793 1995 1837 657,
2032 1791 2128 1832 704.
2160 1791 2232 1830 ΙΧ.
2268 1792 2368 1837 236,
2406 1792 2503 1837 240,

121 1861 219 1901 247.
250 1860 303 1901 X.
333 1862 433 1903 388.
458 1862 561 1903 394.

60 1929 287 1987 praevehl.
318 1933 392 1973 IX.
428 1935 557 1975 1003.
590 1933 730 1973 Asiam
754 1936 948 1984 potentem
982 1934 1235 1984 (provehitur
1268 1934 1339 1982 G).
1371 1935 1421 1975 X.
1455 1936 1542 1976 307
1567 1935 1724 1985 playas.

60 2002 327 2059 praevenire
358 2007 651 2045 accusativum
681 2007 791 2056 regit
820 2007 894 2047 IV.
932 2008 1029 2047 167.
1064 2006 1219 2046 hostem.
1254 2007 1326 2045 IX.
1363 2008 1450 2048 640
1481 2009 1612 2047 metus.

1045 2440 1350 2532 Caput
1412 2440 1518 2513 ΙΙΙ.

276 2587 344 2626 Ad
389 2598 441 2626 ea
486 2587 617 2627 verba
662 2591 847 2637 transeo,
896 2600 990 2639 quae
1038 2600 1137 2627 cum
1183 2588 1394 2638 simplicia
1437 2599 1584 2626 eorum
1630 2588 1901 2625 intransitiva
1948 2591 2062 2634 sunt,
2103 2591 2180 2627 aut
2211 2589 2506 2628 accusativum

59 2661 135 2697 aut
178 2659 373 2698 dativum
404 2659 496 2711 (aut
525 2660 869 2710 praepositionem
901 2659 1136 2711 quandam)
1165 2659 1334 2710 regunt.
1395 2660 1512 2698 Inter
1543 2660 1833 2697 accusativum
1865 2661 1909 2697 et
1940 2659 2135 2697 dativum
2167 2660 2223 2698 ad
2255 2660 2347 2699 haec
2379 2661 2508 2699 verba

57 2731 245 2781 positum
304 2731 377 2770 vix
432 2730 569 2770 ullum
625 2742 720 2770 esse
777 2731 1099 2793 significationis
1158 2732 1386 2770 discrimen
1444 2732 1588 2770 docuit
1649 2721 1853 2780 Osterberq
1911 2727 2019 2784 (pag.
2069 2729 2155 2784 87).
2239 2731 2266 2769 J
2269 2743 2343 2770 ure
2390 2733 2506 2770 enim

58 2792 280 2842 contendit
315 2814 340 2842 e
371 2803 595 2843 scribentis
634 2803 945 2842 consuetudine
975 2803 1044 2842 vel
1074 2800 1249 2842 arbitrio
1280 2803 1546 2854 pependisse,
1579 2804 1722 2840 utrum
1755 2813 1902 2840 casum
1934 2808 2122 2852 poneret.
2186 2803 2252 2840 Ad
2287 2815 2381 2853 quae
2413 2815 2507 2842 con

57 2873 185 2924 feras,
252 2887 347 2926 quae
394 2875 632 2926 disputavit
678 2874 858 2915 Schmalz
902 2874 1099 2928 (Syntax
1127 2886 1223 2925 pag.
1272 2873 1388 2924 424.)
1432 2875 1485 2913 de
1531 2887 1613 2913 usu
1659 2875 1792 2912 dativi
1841 2874 1907 2913 vel
1955 2875 2189 2914 accusativi
2231 2878 2331 2925 post
2364 2876 2506 2923 verba,

58 2946 201 2997 qualia
230 2950 334 2988 sunt
363 2959 517 2999 curare,
542 2947 784 2999 persuadere
813 2949 882 2989 cet.

273 3021 717 3062 Animadvertendum
763 3023 832 3062 est
873 3032 943 3061 me
988 3020 1073 3061 huc
1118 3021 1262 3060 omnia
1308 3020 1437 3061 verba
1482 3019 1688 3071 retulisse,
1736 3032 1830 3070 quae
1878 3020 2037 3059 variam
2082 3020 2201 3060 illam
2248 3023 2506 3061 structuram

57 3090 214 3133 habere
256 3093 409 3144 solent,
441 3093 610 3133 etiarnsi
642 3094 754 3145 apud
788 3095 985 3134 nostrum
1016 3093 1098 3132 nisi
1129 3093 1262 3132 altero
1294 3092 1420 3132 modo
1452 3103 1535 3131 non
1570 3094 1733 3131 structa
1764 3093 1862 3131 sint.
1925 3091 2172 3144 Sequuntur
2203 3093 2415 3144 exempla:

57 3161 231 3208 aooedo
274 3165 316 3219 a)
360 3166 603 3217 praepositio
649 3165 726 3207 ad:
774 3166 806 3206 1.
848 3167 937 3207 469
968 3177 1072 3206 vana
1103 3164 1157 3206 ad
1186 3176 1296 3205 veros
1318 3164 1441 3214 fama
1471 3164 1640 3204 timores.
1703 3164 1746 3216 b)
1777 3165 1929 3204 ceteris
1960 3165 2065 3204 loeis
2097 3165 2270 3204 dativus
2302 3166 2504 3216 sequitur.

119 3232 160 3289 1)
206 3235 427 3288 Significat
457 3239 623 3277 motum
654 3248 753 3276 vere
783 3237 961 3276 localem
993 3236 1108 3275 VIII.
1143 3237 1225 3277 201
1261 3238 1388 3275 metoe.
1424 3235 1538 3273 VIII.
1574 3237 1660 3275 228
1686 3235 1839 3286 pelaqo.
1876 3237 1918 3285 2)
1950 3236 2176 3275 Translate
2207 3239 2440 3286 usurpatur
2471 3236 2502 3275 Ι.

116 3308 173 3347 42
221 3307 284 3349 his
319 3308 427 3358 satis
466 3307 617 3349 Gaesar.
651 3309 705 3350 11.
742 3311 825 3350 139
859 3308 974 3348 Sulla
1004 3307 1191 3347 cladibus.
1224 3308 1266 3345 Π
1314 3309 1398 3348 555
1431 3306 1559 3345 titulis
1590 3304 1630 3359 (i.
1664 3318 1698 3345 e.
1731 3308 1978 3360 triumphis)
2023 3308 2221 3365 1112197
2245 3308 2355 3356 satis
2384 3319 2503 3346 mors.

199 3459 230 3507 ¹)
254 3464 320 3499 cfr
343 3461 457 3499 Hele
480 3465 579 3500 Krit.
604 3475 641 3500 ιι.
667 3463 836 3509 SprachI.
862 3463 1197 3506 Untersuchungen
1223 3471 1270 3496 zu
1296 3463 1432 3497 Lucan.
1459 3462 1664 3506 Straubing
1691 3460 1785 3497 1890
1810 3473 1894 3507 pag.
1919 3461 1978 3497 53.
